2910 4908
646 421 682 480 ll

96 606 269 671 memoria
290 607 384 678 extet,
418 621 519 684 neque
551 621 633 685 quae
655 605 825 683 supersunt
857 601 896 666 de
928 599 1028 682 gloria
1056 599 1209 663 librorum

108 714 267 793 reliquiae
293 711 459 792 quicquam
493 713 683 789 contineant,
717 729 779 792 quo
803 711 859 775 illa
890 710 1069 774 coniectura
1100 705 1208 770 confir-

111 828 228 900 metur,
254 821 322 886 sola
350 821 529 885 litterarum
557 819 762 885 similitudine
780 820 896 883 Petrus
917 817 1076 882 Victorius
1096 815 1210 880 ductus

110 929 211 994 fuisse
232 927 357 993 videtur
371 927 404 1006 ¹).
448 926 559 1008 Neque
583 931 690 1018 tamen
711 927 800 992 nobis
814 926 938 991 veriora
959 924 1117 1006 expiscari
1138 940 1209 988 con·

110 1039 201 1121 tigit;
222 1040 359 1117 namque
380 1035 458 1118 περὶ
481 1035 592 1121 φιλίας
613 1037 850 1118 propositurum
872 1041 1050 1115 temporum
1072 1031 1210 1097 rationes

110 1147 316 1228 redarguent.
361 1145 489 1210 Literae
521 1146 604 1211 enim
638 1146 733 1211 datae
755 1151 829 1210 suut
850 1161 933 1208 anno
954 1162 983 1208 a.
1005 1141 1077 1208 Chr.
1100 1159 1129 1205 n.
1146 1140 1210 1221 LX,

110 1257 153 1321 de
185 1255 325 1319 amicitia
358 1254 501 1334 dialogus
534 1252 637 1318 editus
659 1254 749 1318 annis
771 1253 843 1319 XVI
866 1256 985 1333 postea.
1024 1251 1091 1314 Hoc
1112 1250 1211 1329 igitur

110 1365 181 1436 loco
211 1381 269 1445 pro
296 1367 381 1428 certo
404 1363 518 1426 indicio
542 1362 590 1428 uti
618 1381 681 1428 non
711 1363 827 1442 licebit,
856 1359 1067 1442 Theophrasti
1097 1357 1211 1422 librum

111 1471 146 1536 in
169 1471 326 1537 Ciceronis
348 1489 498 1553 umquam
520 1471 664 1537 manibus
686 1469 793 1536 fuisse.

27 1563 30 1566 ’
61 1573 62 1576 ’
214 1581 261 1644 De
292 1582 395 1646 altero
427 1597 500 1644 vero
533 1580 686 1658 scriptore
718 1597 820 1660 pauca
852 1574 1088 1660 praemittenda
1125 1580 1210 1640 sunt.

112 1689 277 1753 Plutarchi
302 1689 385 1754 enim
407 1686 446 1751 de
468 1688 568 1756 simili¹
585 1692 773 1768 argumento
795 1683 895 1752 libelli
919 1685 1037 1752 servati
1061 1686 1145 1760 sunt,
1179 1682 1211 1746 in

114 1796 231 1875 quibus
266 1815 337 1861 cum
372 1796 656 1876 Peripateticorum
700 1797 896 1880 doctrinam,
919 1812 1013 1876 saepe
1048 1794 1210 1871 sequatur,

115 1903 296 1970 Aristotelis
316 1922 430 1968 nomen
455 1922 494 1968 ne
512 1903 610 1970 semel
625 1903 761 1983 quidem,
784 1900 994 1983 Theophrasti
1008 1901 1056 1966 bis
1070 1900 1210 1966 affertur.

116 2011 213 2078 Cuius
236 2013 268 2076 in
289 2012 427 2078 vitarum
452 2029 547 2092 quam
573 2013 604 2075 in
627 2012 792 2076 moralium
825 2029 907 2090 quae
928 2015 1082 2076 vocantur
1104 2014 1211 2074 aucto·

115 2121 203 2186 ribus
225 2121 454 2202 investigandis
476 2139 547 2185 cum
568 2123 661 2200 longe
682 2119 791 2200 plures
817 2119 961 2184 homines
975 2137 1104 2199 operam
1120 2118 1213 2182 collo-

115 2230 265 2309 caverint,
290 2228 472 2295 cautissime
494 2229 525 2292 in
547 2234 616 2294 tota
638 2228 697 2294 hac
711 2227 895 2306 quaestione
917 2226 1121 2291 versabimur.
1146 2227 1213 2292 Hoc

59 2413 61 2416 ¹
116 2342 224 2402 tamen
246 2341 392 2403 constare
413 2335 549 2417 videtur,
584 2336 702 2416 scripta
714 2335 738 2418 2)
761 2335 949 2400 Aristotelia
984 2335 1141 2399 rarissime
1163 2334 1212 2399 vel

64 2445 66 2454 ’
116 2446 182 2510 lere
213 2463 387 2526 numquam
427 2463 447 2508 a
479 2443 649 2510 Plutarcho
688 2445 834 2524 expressa
874 2461 950 2510 esse.
1002 2441 1213 2523 Theophrasti

116 2573 225 2619 varum
246 2554 399 2619 librorum
433 2572 510 2618 usus
529 2554 614 2635 apud
639 2552 846 2618 Plutarchum
870 2553 995 2618 etiamsi
1026 2551 1078 2616 vix
1112 2556 1212 2630 patet,
1306 2548 1309 2552 ⁴

116 2666 222 2726 tamen
248 2661 395 2728 facillime
417 2662 597 2744 indagatur.
638 2661 778 2725 Primum
808 2680 847 2726 ex
869 2661 1037 2742 Lampriae
1067 2659 1212 2739 catalogo

32 2825 33 2828 ,
117 2770 289 2850 accipimus
311 2770 396 2849 quod
417 2755 526 2833 fiitum
548 2787 617 2834 esse
639 2769 734 2849 plane
755 2769 873 2849 nequit,
904 2768 1066 2849 scripsisse
1088 2766 1213 2832 Plutar-

118 2877 211 2942 chum
242 2875 320 2957 περὶ
346 2869 563 2960 Θεοφράστου
595 2869 680 2955 πρὸς
711 2869 788 2950 τούς
815 2867 957 2955 καιρούς.
1001 2876 1067 2938 aut
1086 2875 1211 2954 egregie

117 2985 210 3050 fallor
242 2989 299 3049 aut
330 2983 413 3048 hunc
444 2983 561 3048 librum
587 2983 641 3062 qui
664 2983 758 3063 periit
779 2982 969 3047 Plutarchus
1002 3017 1040 3026 -
1078 2982 1104 3045 is
1127 2983 1210 3046 enirn
1319 3051 1322 3056 Δ

120 3099 167 3160 est
189 3097 300 3160 auctor
321 3129 363 3139 -—
384 3093 492 3160 libello
515 3091 554 3157 de
574 3092 729 3158 Herodoti
761 3093 960 3173 malignitate
983 3096 1018 3156 21
1045 3092 1212 3173 significat,

118 3202 170 3266 ubi
203 3207 370 3282 postquam
404 3201 443 3266 de
473 3202 593 3283 ingenti
626 3206 832 3284 tyrannorum
861 3218 992 3266 numero
1014 3201 1101 3277 dixit,
1135 3217 1213 3280 quos

119 3309 357 3374 Lacedaemonii
382 3310 514 3389 imperio
534 3309 713 3386 everterint,
749 3307 828 3390 περὶ
849 3293 894 3371 ὧν
923 3309 1025 3390 inquit
1047 3304 1082 3372 ἐν
1103 3299 1213 3384 ἄλλοις

119 3415 343 3498 ἀκριβέστερον
369 3416 545 3500 γέγραπται
567 3420 586 3482 i.
610 3437 636 3483 e.
659 3412 747 3500 ἡμῖν.
771 3417 849 3484 Cum
873 3419 1009 3484 enimet
1033 3417 1065 3482 in
1086 3417 1213 3487 Plutar-

220 3708 244 3774 1)
265 3705 366 3760 Moneo
385 3711 478 3760 tamen
496 3695 532 3760 de
551 3707 641 3777 gloria
664 3708 766 3764 librum
790 3709 845 3764 duo
869 3712 1011 3765 volumina
1034 3708 1214 3778 comprehen·

121 3801 193 3856 disse
211 3817 298 3870 aeque
318 3804 350 3855 ut
370 3801 556 3871 Theophrasti
578 3804 680 3858 librum
712 3825 742 3858 π.
770 3803 927 3877 φιλοτιμίας
950 3823 975 3860 v.
995 3805 1029 3860 de
1048 3805 1092 3860 off.
1114 3804 1147 3872 11,
1166 3805 1213 3874 313

121 3898 209 3952 baert.
229 3898 324 3962 v‚,45.
362 3898 536 3966 Sequebatur
563 3917 629 3954 vero
654 3901 683 3954 in
704 3918 736 3954 eo
756 3900 863 3954 Tullius
883 3901 1101 3970 Peripateticum
1120 3900 1215 3971 dispu-

7 4029 8 4054 2
121 3994 196 4047 tandi
215 4011 303 4062 genus
322 4011 364 4063 ep.
388 3994 496 4048 adata.
513 3995 571 4058 XV,
596 3997 641 4061 27,
659 3998 684 4049 2.
723 3996 794 4063 Quid
814 3997 1018 4064 Peripateticae
1036 3995 1157 4050 familiae
1174 3995 1214 4049 in·

122 4090 271 4144 torlocutor
290 4091 318 4143 in
341 4089 448 4145 Stoicos
468 4091 593 4159 proferre
604 4091 738 4160 potuerit,
757 4091 900 4161 intelleges
919 4110 954 4146 ex
972 4092 1026 4146 (lic.
1046 4109 1098 4160 pro
1112 4091 1214 4146 Archia

122 4186 162 4252 26,
180 4185 290 4240 Tuscul.
309 4185 331 4252 1,
349 4188 392 4240 34.
429 4187 666 4256 Theophraateam
685 4187 852 4242 sententiam
869 4187 989 4241 servavit
1000 4187 1070 4242 Plut.
1090 4186 1172 4256 Agid.
1186 4191 1212 4242 2.

217 4280 242 4348 2)
261 4279 293 4334 ef.
311 4280 477 4352 vorrmann,
497 4283 531 4336 ee
549 4283 607 4338 vua
625 4287 654 4338 ea
672 4283 783 4354 scapus
802 4283 842 4336 rr.
862 4283 896 4349 rr,
917 4262 962 4338 2'2.
