2910 4908
97 547 323 616 Aristotelem
344 557 378 618 et
400 551 581 619 Ciceronem
611 553 670 620 hoo
695 553 936 634 praeceptuml)
963 541 1128 620 refutasse.
1169 553 1212 619 Et

97 655 156 722 isti
182 659 319 739 quidem
337 659 464 725 infimae
486 661 601 729 aetatis
622 662 791 744 scriptores
812 661 986 752 sententias
1017 662 1092 726 dum
1118 661 1212 726 certis

58 793 62 798 -
100 751 302 834 auctoribus
323 767 510 852 attribuunt,
531 770 658 849 saepius
680 769 747 835 lere
766 773 799 836 et
810 767 883 842 falsi
898 774 973 834 sunt
987 773 1019 835 et
1033 767 1213 836 fefellerunt

23 937 24 940 ,
98 889 208 952 quam
232 875 371 941 candida
392 877 452 942 lide
476 882 618 942 utantur.

210 983 431 1065 Permagnum
453 985 592 1051 studium
615 985 648 1049 in
670 1003 706 1050 co
728 986 908 1067 ponendum
931 1003 1001 1051 esse
1033 989 1068 1050 ut
1098 1002 1211 1066 cogno·

101 1095 249 1158 scantur
282 1093 335 1172 qui
367 1094 408 1158 ad
425 1093 608 1186 amicitiam
630 1093 732 1158 idonei
762 1094 833 1168 sint,
857 1092 965 1160 Cicero
987 1099 1095 1158 monet
1118 1093 1210 1176 §62²
1320 1085 1322 1088 ’

100 1191 279 1268 ‘homines
307 1201 339 1263 in
367 1199 477 1267 amicis
499 1200 651 1282 eligendis
674 1201 869 1282 negligentes
901 1219 970 1267 esse
1002 1220 1060 1268 uec
1095 1202 1212 1268 habere

23 1293 24 1296 ¹
101 1309 227 1390 quasi
248 1311 360 1391 signa
381 1309 571 1388 quaedam
594 1313 632 1374 et
655 1313 770 1376 notas
793 1307 906 1388 quibus
928 1326 981 1374 eos
1004 1311 1057 1389 qui
1078 1311 1119 1376 ad
1134 1310 1212 1375 ami-

101 1417 222 1482 citiam
244 1423 351 1484 essent
371 1417 473 1482 idonei
497 1416 689 1482 iudicarent?
735 1415 892 1482 Graecum
920 1418 1052 1483 verbum
1076 1416 1212 1499 ‘popua-

23 1562 50 1606 ¹.
102 1517 184 1611 τῆρ’
212 1526 380 1608 scriptores
402 1525 535 1590 Romani
557 1525 595 1592 iis
616 1525 694 1606 ipsis
714 1525 818 1592 verbis
839 1543 921 1605 quae
950 1524 1057 1591 Cicero
1085 1525 1214 1591 adhibet

100 1631 229 1712 ‘signis
251 1637 284 1697 ct
305 1633 402 1698 notis’
426 1637 550 1698 vertere
571 1633 682 1698 solent.
718 1633 801 1710 Quin
820 1624 946 1714 ‘quasi'
966 1634 1045 1699 illud
1060 1631 1211 1714 praemis·

106 1759 186 1806 sum
209 1739 385 1821 significare
406 1741 531 1806 videtur
551 1759 614 1806 non
635 1740 775 1823 perfecte
797 1741 893 1808 verba
914 1742 1048 1807 reddere
1068 1759 1138 1813 eam
1158 1759 1212 1806 uo-

108 1849 237 1914 tionem
260 1865 355 1928 quam
376 1847 408 1912 in
436 1854 542 1914 mente
571 1849 708 1916 tenuerit
741 1853 859 1916 auctor.
902 1851 980 1916 Vide
1013 1847 1210 1915 Oomificium

110 1956 213 2021 Rhet.
235 1958 275 2023 ad
297 1957 434 2023 Herenn.
456 1955 511 2041 lv,
535 1961 575 2021 50
594 1955 771 2023 ‘No'tatio
794 1961 851 2036 est,
868 1976 939 2022 cum
954 1957 1212 2022 alicuiusnatura

109 2065 211 2130 certis
222 2064 413 2130 describitur
424 2065 561 2146 signis,
575 2083 658 2144 quac
671 2065 762 2130 sicuti
774 2083 819 2130 no
829 2069 894 2130 tae
909 2064 1064 2143 quaedam
1076 2068 1211 2128 naturae

110 2176 193 2237 sunt
227 2173 400 2238 attributa?
447 2172 565 2239 Seneca
597 2174 636 2238 de
669 2173 845 2238 Stoicorum
878 2172 1038 2253 ethologia
1069 2188 1117 2251 ep.
1153 2173 1211 2234 96:

108 2277 262 2366 ‘quidam
286 2274 545 2364 χαρακτηρισμόν
570 2281 732 2364 appellant
759 2281 881 2362 signa
907 2281 1057 2360 cuiusque
1084 2279 1213 2344 virtutis

112 2391 148 2452 et
171 2388 242 2452 vitii
264 2405 300 2452 ac
322 2393 435 2454 notas
457 2389 649 2468 reddentem,
670 2389 783 2470 quibus
807 2390 891 2454 inter
912 2408 946 2456 se
968 2388 1081 2454 similia
1101 2386 1210 2453 discri-

111 2494 337 2578 minentur’l).
392 2495 555 2562 Eiusmodi
575 2497 769 2580 notationes,
805 2515 888 2577 quae
923 2497 1082 2579 ingenium
1110 2495 1210 2561 Theo·
1296 2583 1299 2588 Ι

217 2693 244 2762 1)
263 2693 343 2760 Quod
361 2694 482 2748 Publilio
501 2695 571 2763 Syro
584 2695 689 2750 Gellius
707 2697 742 2750 N.
764 2695 796 2748 A.
812 2695 896 2761 XVII,
917 2697 950 2747 14
968 2697 997 2754 et
1005 2691 1134 2747 -Maor0b.
1155 2689 1212 2746 Sat.

117 2789 156 2856 ΙΙ,
173 2791 198 2856 7,
220 2788 251 2842 11
270 2789 405 2843 tribuunt.
1074 2784 1078 2792 ’
1155 2819 1157 2824 v

217 2885 246 2951 2)
265 2883 299 2938 cf.
319 2883 473 2938 Oasaubon.
492 2885 579 2953 praef.
598 2884 633 2937 nd
652 2884 790 2953 Thacphr.
809 2883 883 2938 char.
909 2883 987 2958 Alius
1000 2881 1113 2951 quidem
1132 2899 1214 2952 argu·

113 2979 204 3034 menti
223 2982 288 3032 sunt
310 2979 366 3033 Cic.
386 2979 421 3032 de
438 2977 492 3034 div.
512 2979 534 3046 1,
555 2980 605 3031 127
615 2979 701 3033 verba
719 2977 788 3033 ‘etsi
806 2995 902 3034 causas
922 2979 996 3048 ipsas
1014 2980 1209 3046 noncernunt,
1230 3010 1233 3016 ,

24 3117 26 3126 ,
116 3074 221 3144 signa
238 3078 332 3130 tamen
350 3091 496 3128 causarum
514 3079 543 3129 st
561 3077 665 3129 notas
683 3071 813 3129 cernunt'
834 3074 909 3143 quod
927 3073 1100 3128 aPosidonio
1119 3076 1213 3128 ortum

116 3185 178 3224 esse
197 3169 310 3224 videtur
328 3171 363 3224 of.
384 3170 411 3224 O.
431 3170 613 3225 Wachsmuth
631 3168 679 3223 Ἴ),
698 3170 853 3224 Ausichteu
871 3168 898 3223 d.
918 3169 1030 3222 Stoiker
1042 3169 1112 3223 iiber
1132 3168 1213 3221 Man-

115 3261 171 3317 tik'
193 3281 220 3332 p.
240 3266 283 3317 32.
312 3261 365 3318 Sed
385 3263 520 3318 accedunt
536 3264 654 3320 Senecae
663 3265 749 3318 verba
761 3262 796 3317 de
814 3264 856 3317 ira
874 3264 895 3332 13
916 3265 939 3331 1,
958 3265 975 3316 3
993 3261 1043 3316 ‘ut
1060 3263 1213 3316 furentium

117 3361 197 3412 certa
215 3357 351 3412 indicia
370 3363 442 3428 sunt,
456 3359 547 3414 audax
558 3365 586 3414 et
600 3361 694 3414 minax
705 3361 807 3428 voltus,
818 3360 906 3413 tristis
917 3357 1003 3426 frons,
1021 3361 1102 3412 torva
1115 3357 1209 3422 lacios,

22 3485 23 3488 =
116 3453 219 3508 citatus
232 3451 344 3522 gradus,
362 3453 501 3522 inquietae
514 3473 620 3524 manus,
639 3456 717 3510 color
735 3472 838 3524 versus,
858 3456 957 3510 crebra
975 3457 1005 3508 ot
1022 3453 1213 3509 vehementius

117 3548 316 3616 actaauspiria‚
334 3549 373 3602 ita
385 3549 565 3604 irascentium
584 3551 682 3604 cadem
701 3551 796 3618 signa
815 3553 894 3604 suut:
918 3549 1039 3620 flagrant
1058 3552 1087 3602 ct
1109 3549 1215 3601 micant

118 3643 200 3712 oculi,
219 3643 324 3698 multus
334 3660 381 3698 ore
392 3649 453 3698 toto
462 3646 549 3700 rubor
565 3649 746 3700 exaestuante
758 3647 794 3700 ab
804 3646 867 3700 imis
882 3645 1053 3714 praecordiis
1066 3631 1211 3713 sanguine’

118 3741 171 3793 etc.
206 3739 332 3794 Lactant.
359 3740 393 3794 dc
411 3741 453 3793 ira
472 3741 517 3794 dei
531 3745 555 3795 7.
592 3743 663 3796 Plut.
691 3742 725 3796 de
750 3741 811 3796 coh.
836 3743 878 3796 ira
899 3744 939 3795 10.
982 3741 1132 3793 Praeterea
1159 3737 1214 3792 huc

22 3843 23 3878 ῑ
117 3833 293 3888 referendum
322 3839 365 3890 est
398 3835 504 3890 dictum
530 3837 559 3890 id
588 3837 663 3904 quod
705 3835 826 3890 Varroni
858 3837 994 3890 tribuitur
1015 3833 1065 3888 ‘ex
1092 3833 1213 3886 minimis

22 3989 24 3996 ‚
142 3946 227 3982 ‚urum
245 3947 354 3984 sumere
372 3930 451 4000 signa
469 3928 549 3986 licst'
571 3949 735 4000 quamquam
749 3931 801 3986 hoc
814 3931 1054 4000 quoqueSensoae
1073 3932 1115 3982 est
1132 3928 1214 3996 epist.

22 4035 24 4048 ²
138 4025 161 4090 2,
182 4023 214 4077 12
232 4025 281 4078 ubi
299 4025 405 4094 aliquot
426 4026 617 4081 notationibus
633 4027 856 4096 praemittuntur
873 4028 970 4081 verba:
995 4023 1101 4079 ‘omniu
1119 4039 1214 4078 rerum

22 4127 25 4192 ᾗ
134 4119 250 4186 mnium,
274 4120 297 4172 si
317 4119 510 4184 observentur,
537 4121 640 4176 iudicia
665 4126 730 4176 sunt
758 4125 786 4176 et
808 4123 1004 4191 argumentum
1037 4136 1148 4174 morum
1178 4109 1233 4174 eu¹

146 4213 239 4268 inimis
258 4231 368 4284 quoquo
387 4217 453 4272 licet
471 4215 591 4288 capere’
