2910 4908
786 329 825 390 20

260 507 426 573 attulimus
448 506 636 574 Aristoteles
669 508 735 590 ipse
767 507 798 571 in
821 505 1065 589 disputationem
1098 483 1299 584 induxerit·
1322 481 1398 572 hoc

260 615 500 698 Theophrastus
522 616 669 681 attulisse
689 615 809 698 primus
830 616 1005 681 censendus
1029 617 1086 680 est.

358 723 469 803 Neque
500 741 574 788 uero
604 724 645 788 de
677 722 824 790 utilitate.
847 726 973 789 tantum
1009 722 1165 788 amicitiae
1189 721 1394 804 scriptores

258 831 360 897 nostri
378 831 585 912 consentiunt,
608 831 662 896 sed
684 835 832 898 eamtam
853 831 1062 898 necessariam
1082 831 1213 911 ducunt,
1239 835 1283 895 ut
1309 819 1398 897 sine

261 959 300 1006 ea
322 939 385 1004 vivi
407 955 500 1018 posse
520 944 645 1019 negent.
689 939 725 1003 In
746 939 827 1004 hanc
848 939 1038 1006 sententiam
1061 939 1169 1005 Cicero
1191 938 1211 1020 ἐ
1235 943 1283 1004 22
1312 938 1387 1003 En-

259 1049 375 1113 nianae
389 1047 474 1114 vocis
489 1065 610 1114 memor
629 1045 702 1127 ‘qui
716 1048 836 1129 potest'
861 1048 963 1128 inquit
979 1046 1066 1114 ‘esse
1088 1048 1155 1113 rita
1179 1047 1297 1114 vitalis
1314 1097 1323 1112 .
1339 1098 1347 1112 .
1363 1095 1384 1126 .,

259 1175 342 1237 quae
362 1173 425 1221 nnn
445 1156 476 1220 in
500 1156 590 1220 amici
613 1160 725 1222 mutua
746 1155 965 1222 benevolentia
986 1155 1227 1236 conquiescatl'
1254 1155 1383 1236 Neque

261 1265 390 1331 minoris
413 1282 483 1328 earn
507 1264 695 1330 Aristoteles
717 1264 943 1330 aestimaverat
975 1263 1048 1329 Eth.
1084 1261 1152 1328 Nic.
1176 1262 1270 1346 VIII,
1301 1267 1317 1325 1
1345 1281 1380 1344 p.

263 1375 358 1437 11552
380 1375 398 1434 5
419 1361 494 1435 daeo
516 1366 575 1455 γὰρ
590 1370 697 1458 φίλων
711 1361 818 1448 οὐδεὶς
839 1368 936 1436 ἕλοιτ’
960 1363 999 1433 ἂν
1015 1371 1071 1458 ζῆν
1093 1366 1177 1450 ἔχων
1198 1364 1243 1434 τὰ
1263 1365 1379 1434 λοιποὶ

261 1472 371 1564 ἀγαθὰ
391 1474 511 1544 πάντα.
533 1479 639 1561 Atque
662 1480 808 1546 hocloco
829 1478 985 1544 adnotare
1006 1479 1082 1542 mihi
1105 1478 1202 1546 liceat
1223 1480 1259 1543 in
1284 1480 1376 1546 The·

261 1589 359 1654 mistii
386 1605 469 1668 quae
500 1573 681 1652 inscribitur
707 1584 786 1668 περὶ
812 1584 923 1672 φιλίας
951 1587 1093 1652 oratione
1118 1584 1373 1666 Theophrastea

263 1695 338 1760 mihi
366 1714 430 1762 non
457 1695 644 1777 apparuisse
676 1693 730 1761 sed
757 1693 841 1774 quod
862 1693 953 1760 facile
973 1695 1131 1777 suspicere
1156 1695 1370 1760 Aristotelem

263 1805 312 1869 est
346 1804 399 1868 ubi
441 1804 533 1884 plane
571 1801 772 1883 exscripserit
811 1803 910 1868 veluti
945 1820 989 1866 or.
1030 1801 1121 1866 XXII
1152 1820 1183 1883 p.
1215 1805 1290 1883 323,
1329 1805 1368 1865 17

262 1911 355 1977 Dino.
378 1898 453 1974 diruo
475 1908 511 1976 da*
536 1907 648 1997 φιλίας
669 1900 776 1985 οὐδεὶς
803 1902 842 1973 dr
871 1905 978 1974 ἕλοιτο
1005 1908 1060 1994 ζῆν
1088 1905 1172 1989 ἔχων
1199 1904 1240 1972 τὰ
1261 1906 1368 1974 λοιποὶ

262 2011 422 2102 dyneus.

362 2125 424 2192 Sed
441 2125 585 2206 quamvis
612 2125 653 2190 sit
672 2124 850 2191 necessaria
872 2124 913 2188 ad
937 2123 1064 2190 beatam
1088 2123 1196 2205 vitam,
1212 2124 1364 2204 amicitia,

263 2252 340 2298 vera
355 2237 387 2298 et
407 2231 547 2314 perfecta
569 2233 730 2298 rarissime
750 2230 918 2308 invenitur,
942 2232 1025 2313 quod
1049 2231 1209 2297 nedicero
1231 2231 1361 2314 quidem

263 2342 400 2420 negavit,
432 2341 486 2421 qul
521 2345 628 2404 tamen
660 2341 809 2404 virtutem
833 2338 1019 2405 mediocrem
1048 2344 1080 2406 et
1102 2357 1197 2419 quam
1219 2337 1359 2403 homines

263 2467 325 2512 non
348 2431 440 2528 pauci
471 2449 682 2527 assequantur
713 2447 831 2526 requiri
861 2449 956 2529 putat
980 2449 1000 2526 ξ
1023 2451 1079 2510 79:
1112 2446 1226 2526 ‘Digni
1253 2448 1358 2510 autem

263 2562 337 2620 sunt
369 2554 514 2634 amicitia,
549 2553 663 2634 quibus
689 2556 719 2618 in
754 2554 829 2636 ipsis
860 2553 943 2620 inest
976 2573 1073 2620 eausa
1099 2573 1156 2620 cur
1179 2555 1354 2635 diligantur.

264 2661 384 2728 Rarum
413 2663 543 2743 genusl'
589 2661 657 2740 Quo
689 2679 760 2727 cum
795 2662 951 2728 consentit
984 2661 1170 2728 Aristoteles
1198 2661 1269 2726 lith.
1291 2661 1353 2724 Nic.

366 2937 392 3006 1)
411 2935 446 2989 do
465 2935 626 2989 Aristotelis
639 2935 701 2989 loco
715 2953 732 2988 a
743 2935 896 3002 Themistio
907 2953 948 2990 or.
960 2935 1051 2990 XXVI
1065 2951 1197 3004 expresso
1214 2933 1246 2988 cf.
1259 2933 1278 2988 Ι,
1290 2933 1351 2986 Ber-

265 3045 340 3096 nays.
358 3027 476 3082 Aristot.
498 3025 563 3082 dial.
583 3046 611 3098 p.
623 3031 683 3084 139.
703 3058 736 3068 —
755 3029 859 3083 Tamen
879 3034 906 3084 et
926 3029 999 3083 Rosa
1018 3033 1047 3082 et
1069 3029 1196 3082 Hoitzius
1215 3027 1350 3104 Themistii

265 3141 307 3178 or.
327 3123 354 3176 11
377 3140 404 3192 p.
424 3124 467 3184 31.
487 3125 602 3192 20-32,
620 3125 637 3177 6
656 3123 684 3176 in
703 3123 880 3194 dialogorum
892 3124 1347 3194 lragmentisnonnumeraverunt.

265 3218 337 3273 Puto
355 3235 402 3272 eos
421 3219 603 3273 similitudine
622 3218 687 3273 loth.
699 3219 760 3275 Nio.
777 3219 824 3289 IV,
843 3222 913 3274 7-9
932 3220 961 3274 in
979 3208 1219 3275 errorem'duotos
1237 3223 1262 3273 et
1278 3219 1346 3273 huno

265 3314 357 3368 locum
375 3313 569 3369 Aristotelium
588 3331 604 3368 a
622 3313 775 3370 Themistio
791 3316 907 3371 liberius
921 3333 1082 3387 expressum
1102 3333 1162 3371 esse
1181 3314 1345 3370 existimasse.

157 3401 159 3403 ’
266 3409 320 3463 Sed
339 3425 454 3479 prorsus
475 3409 595 3464 alienum
614 3413 658 3464 ost
676 3427 692 3464 a
710 3427 787 3465 more
800 3409 945 3466 Themistii
956 3412 1043 3466 trium
1054 3413 1179 3481 capitum
1197 3414 1344 3479 argumenta

266 3505 335 3559 adeo
353 3505 384 3558 in
395 3505 479 3560 breve
498 3505 634 3575 redigere,
652 3509 684 3560 ut
703 3524 758 3560 una
779 3507 1025 3561 sententiaevadat
1038 3493 1261 3576 elaqueornatioq
1279 3505 1343 3575 quod

266 3599 396 3654 facillime
413 3616 572 3670 cognosces,
594 3601 618 3654 si
642 3600 874 3656 animadverteris
897 3618 981 3670 quam
1004 3607 1132 3656 accurato
1155 3619 1277 3672 expressa
1294 3601 1342 3655 sint

266 3695 352 3751 verba
368 3695 486 3750 Aristot.
507 3695 571 3749 Eth.
586 3695 646 3750 Nic.
666 3696 699 3762 Π,
719 3699 735 3752 3
752 3713 778 3765 p.
800 3694 885 3750 1105b
898 3698 986 3751 6-18
1005 3715 1022 3751 a
1040 3695 1193 3751 Themistio
1204 3700 1266 3752 orat.
1282 3697 1336 3766 Ilp.

269 3791 427 3858 38,1-1o.
452 3789 557 3846 Nostro
576 3801 642 3846 vero
669 3792 732 3847 loco
757 3790 878 3847 fideliter
899 3791 1064 3847 Aristotelia
1088 3791 1170 3847 reddi
1193 3790 1339 3846 Themistins

268 3887 360 3942 verbis
379 3884 529 3957 significat:
560 3886 668 3958 διορίζει
686 3887 719 3941 δὲ
737 3871 801 3942 ὧδε·
819 3892 892 3959 φησι
907 3907 970 3941 που.
1004 3887 1050 3941 Ex
1068 3887 1179 3956 dialogo
1203 3903 1262 3942 vcro
1277 3886 1338 3940 hunc

267 3982 358 4037 locum
383 3985 524 4053 sumptum
548 3999 608 4037 esse
636 3999 705 4038 voce
732 3983 787 4038 τῶν
816 3979 906 4052 λόγων
932 3987 1028 4053 aperte
1056 3983 1203 4037 indicatur.
1236 3981 1269 4036 Et
1291 3981 1336 4036 hoc

266 4078 354 4132 totius
365 4077 420 4132 loci
437 4079 531 4133 colore
549 4078 755 4146 comprobatur.
792 4076 848 4151 Sed
865 4095 900 4132 cx
920 4094 974 4147 quo
992 4078 1103 4147 dialogo
1122 4074 1213 4132 ethica
1229 4077 1274 4132 isto
1288 4077 1333 4132 dis·

267 4172 378 4243 putatio
397 4170 564 4243 deprompta
582 4173 628 4241 sit,
647 4171 763 4228 definire
781 4190 837 4228 non
856 4173 953 4228 ausim.
