2910 4908
30 29 57 186 'sq
78 0 155 32 ⁷“
194 29 195 32 ,

30 165 57 218 :lp

30 225 57 274 ..l

30 359 63 464 ,ᾗ

633 413 670 478 17

100 601 236 677 venitur,
259 596 405 664 reiecisse
424 601 456 661 et
480 597 521 662 ad
544 595 641 661 vitam
680 612 878 661 communem
901 593 932 659 in
954 594 1010 659 illa
1031 609 1106 657 voce
1125 591 1200 660 defi-

37 764 40 773 ,
100 708 217 774 nienda
238 705 416 771 revertisse.

31 865 32 868 η
133 845 137 858 ·
199 815 302 879 Tanta
324 812 443 878 virtute
473 829 545 876 cum
568 828 647 892 opus
669 811 711 876 sit
742 811 783 876 ad
806 828 898 876 veras
920 811 1075 876 amicitias
1098 809 1199 876 conci·

30 913 31 916 '
99 924 235 1004 liandas,
257 921 377 986 factum
400 925 457 998 est,
482 924 519 984 ut
537 917 656 984 ‘omnis
678 917 796 984 caritas
822 919 874 998 [=
889 899 996 1001 χάρις]
1028 923 1084 984 aut
1117 918 1200 982 inter

99 1031 179 1096 duos
214 1033 271 1094 aut
301 1029 384 1092 inter
403 1044 523 1108 paucos
543 1026 752 1108 iungeretur?
789 1029 840 1090 20.
875 1024 976 1103 Quam
1010 1026 1200 1092 sententiam
1314 1022 1315 1028 ’

100 1137 260 1204 defensuri
282 1137 454 1201 amicorum
476 1135 601 1215 parium
616 1135 799 1202 memoriam
823 1132 1024 1214 revocabant,
1046 1133 1097 1213 qui
1122 1133 1200 1199 auti-

101 1244 235 1326 quitatis
255 1241 372 1309 l'abulis
394 1241 646 1308 celebrabantur.
670 1221 776 1307 urim.
797 1241 834 1307 N.
856 1240 912 1322 IX,
938 1245 975 1306 10
998 1238 1037 1305 ου’
1058 1238 1198 1324 γίνονται

99 1347 158 1436 γάρ
177 1351 270 1439 φίλοι
292 1348 413 1414 πολλοὶ
435 1345 515 1412 auce}
538 1344 598 1437 τὴν
619 1344 784 1434 ἑταιρικὴν
814 1347 934 1436 φιλίαν.
967 1343 1002 1412 αλ
1033 1347 1062 1412 δ’
1084 1342 1202 1431 ὑμνού-

101 1483 195 1542 μεναι
218 1458 251 1524 ἐν
269 1457 343 1524 δυσὶ
366 1456 521 1541 λέγονται.
547 1459 632 1526 Haec
651 1464 701 1524 est
715 1449 810 1538 quarn
831 1460 945 1524 vocant
959 1454 979 1542 ἡ
992 1451 1073 1520 κατὰ
1093 1457 1203 1540 ζεῦγος

102 1568 205 1653 φιλία.
248 1567 320 1645 Qua
349 1585 425 1632 voce
457 1567 559 1632 utitur
592 1565 784 1662 Plutarchus
816 1564 854 1632 de
882 1585 944 1632 am.
974 1568 1064 1633 mult.
1099 1571 1117 1630 2
1145 1562 1203 1630 ιόν

30 1719 32 1724 -
103 1671 225 1758 μακρὸν
255 1675 309 1738 καὶ
339 1668 480 1739 παλαιὸν
508 1669 610 1738 αἰῶνα
641 1669 788 1756 μάρτυρα
817 1669 888 1757 ἅμα
918 1677 981 1739 τοῦ
1013 1669 1110 1758 λόγου
1147 1674 1203 1739 καί

104 1778 288 1866 σύμβουλον
323 1775 482 1863 λάβωμεν,
521 1779 555 1846 ἐν
590 1766 617 1866 ᾦ
648 1776 730 1845 κατὰ
768 1782 881 1866 ζεῦγος
916 1781 1022 1869 φιλίαι
1057 1781 1203 1867 λέγονται

107 1885 233 1976 Θησεὺς
247 1889 300 1955 καὶ
311 1888 504 1973 Πειρίθους,
522 1881 692 1970 Ἀχιλλιδς
706 1888 760 1954 καί
772 1884 972 1972 Πάτροκλος,
989 1881 1135 1974 Ὀρέστης
1150 1889 1204 1955 καί

107 1999 268 2084 Πυλάδης,
294 1997 425 2076 Φιντίας
438 1998 492 2062 καὶ
506 1992 639 2080 Δάμων,
655 1989 914 2081 Ἐπαμεινώνδας
935 1997 988 2062 καί
1002 1997 1202 2074 Πελοπίδας.

109 2107 251 2185 Quorum
283 2109 406 2188 parium
440 2109 547 2190 priora
579 2108 642 2172 tria
667 2107 832 2189 alannus,
867 2109 991 2189 reliqua
1011 2108 1051 2173 ab
1073 2109 1204 2174 historia

104 2217 208 2297 pet‘ta
229 2220 313 2281 sunt.
356 2216 398 2279 Et
427 2215 482 2280 illa
503 2215 631 2295 quidem
661 2215 838 2299 significare
870 2216 996 2282 videtur
1017 2214 1124 2281 Cicero
1149 2221 1203 2280 15:

101 2321 160 2388 ‘ex
181 2322 325 2389 omnibus
346 2324 479 2390 saeculis
498 2324 550 2390 vix
570 2324 633 2389 bria
656 2329 713 2390 aut
727 2327 879 2406 quattuor
893 2324 1096 2390 nominantur
1113 2324 1204 2405 paria
1300 2379 1302 2384 .

30 2519 31 2522 Ἴ
103 2432 300 2498 amicorum’.
344 2430 405 2496 Sed
427 2431 506 2498 haec
535 2431 627 2513 paria
657 2437 734 2500 tnnc
755 2433 910 2512 temporis
943 2432 1022 2498 adeo
1045 2431 1205 2497 celebrata

104 2544 205 2620 erant,
247 2544 284 2604 ut
320 2539 566 2619 uniuscuiusque
599 2541 698 2606 menti
734 2541 987 2618 obversarentur,
1022 2541 1069 2605 ita
1105 2544 1142 2603 ut
1179 2539 1205 2604 si

105 2647 177 2727 quis
198 2665 295 2711 unum
317 2647 368 2711 vel
390 2647 526 2711 alterum
557 2665 617 2727 par
639 2649 821 2730 attingeret,
855 2666 962 2714 omnes
995 2651 1115 2712 ceteros
1138 2645 1206 2711 adi·

30 2815 31 2818 ,
103 2771 175 2820 cere
196 2758 337 2834 possent.
364 2752 456 2831 Quod
477 2759 612 2834 apparet
633 2773 672 2820 ex
692 2753 770 2818 libro
793 2752 904 2820 defin.
927 2754 942 2817 I
967 2759 1005 2818 65
1029 2752 1081 2818 ubi
1097 2752 1205 2817 Cicero

106 2859 233 2942 Epicuri
267 2861 307 2925 de
337 2861 477 2925 amicitia
496 2867 667 2942 praecepta
702 2862 747 2926 ita
768 2861 934 2942 percurrit,
969 2865 1006 2925 ut
1028 2861 1104 2941 quid
1139 2860 1206 2925 ubi-

106 2985 167 3049 que
188 2966 511 3048 desideret-breviter
532 2966 697 3050 significet.
727 2966 884 3050 Epicurus
900 2969 984 3034 enim
1006 2973 1039 3035 et
1055 2968 1207 3034 decuerat

107 3093 203 3154 quam
225 3075 377 3157 plurimos
392 3073 629 3155 'conquirendos
661 3093 730 3141 esse
750 3079 866 3142 amicos
889 3079 921 3142 et
942 3094 1069 3158 gregem
1093 3076 1207 3141 amice·

107 3201 178 3248 rum
202 3183 287 3248 domi
306 3182 374 3264 ipse
387 3182 508 3248 tenuit.
530 3181 599 3248 Hac
621 3183 719 3266 igitur
740 3183 779 3248 de
801 3202 854 3249 re:
875 3182 978 3265 ‘quod
999 3200 1094 3263 quam
1119 3201 1206 3266 mag-

109 3285 183 3358 num
206 3293 261 3358 sit’
295 3293 397 3374 inquit
420 3291 527 3357 Cicero
557 3291 671 3358 ‘fictae
700 3296 844 3359 veterum
877 3289 1004 3357 fabulae
1034 3290 1206 3368 declarant,

108 3400 140 3464 in
165 3398 279 3478 quibus
299 3403 365 3464 tam
395 3400 504 3465 multis
526 3405 656 3480 tamque
676 3401 782 3479 variis,
819 3401 858 3466 ab
880 3399 993 3465 ultima
1016 3397 1207 3477 antiquitate

108 3506 251 3589 repetitis
280 3508 343 3572 tria
375 3505 430 3571 vix
462 3506 637 3572 amicerum
666 3509 756 3590 paria
777 3507 988 3589 reperiuntur,
1010 3511 1046 3571 ut
1068 3505 1106 3570 ad
1130 3505 1207 3571 Ore·

108 3619 188 3680 stem
210 3613 376 3695 pervenias
410 3611 572 3695 profectus
602 3634 621 3680 a
643 3614 787 3680 Theseu'
831 3614 972 3693 Quorum
994 3618 1086 3679 tanta
1106 3615 1207 3696 gloria

108 3722 177 3801 fuit,
213 3725 250 3786 ut
281 3739 321 3786 ne
342 3720 490 3786 Taxarim
526 3723 654 3802 quidem
686 3711 857 3788 barbarum
890 3721 1029 3787 carmina
1059 3721 1206 3801 fugerint,

108 3831 222 3911 quibus
247 3845 356 3894 eorum
386 3828 524 3895 amicitia
556 3829 737 3896 canebatur.
779 3828 825 3895 cf.
850 3829 956 3895 Bionis
984 3827 1044 3910 frg.
1066 3832 1096 3893 8.
1117 3828 1207 3894 Ouid.

108 3937 381 4023 αΗΠλΠ

210 4043 408 4109 Animalibus
440 4041 567 4107 amandi
598 4061 724 4109 sensum
757 4045 902 4110 innatum
936 4061 1005 4110 esse
1032 4063 1071 4110 ex
1092 4044 1207 4111 bestia·

110 4172 182 4218 rum
203 4154 402 4233 quarundam
421 4151 486 4218 vita
508 4150 650 4235 intellegi
683 4169 776 4233 posse
800 4153 985 4220 Aristoteles
1014 4153 1209 4219 demonstra-

111 4263 158 4329 vit
190 4261 263 4327 Eth.
292 4263 360 4329 Nic.
395 4262 479 4344 VIII,
517 4263 532 4326 l
570 4280 601 4344 p.
643 4266 738 4326 1154*
766 4265 804 4326 16
826 4255 926 4348 φύσει
957 4262 985 4348 a’
1016 4256 1208 4342 ἐνυπάρχειν

161 4399 164 4404 ·
615 4391 618 4397 ·
992 4382 1010 4434 2
