2910 4908
584 450 611 498 ·.
671 416 710 478 aa

144 586 249 654 facere
269 588 352 670 licet,
373 607 526 682 perquam
546 591 707 672 probabile
723 593 856 674 videtur,
880 597 1019 676 ipsorum
1036 599 1114 682 napi
1129 599 1239 687 φιλίας

141 697 294 763 librorum
326 703 451 780 partem
486 699 565 782 περὶ
588 701 768 780 -κολακείας
801 704 985 787 inscriptam
1020 705 1125 774 inisse.
1179 709 1239 776 Est

142 805 225 869 enim
247 809 356 872 notum
387 826 448 872 uon
481 827 553 875 raro
586 810 737 876 librorum
773 817 881 908 partes
914 814 979 878 suis
1011 817 1188 882 nominibus
1219 831 1238 882 a

122 913 269 979 -Laiirtio
302 918 473 983 numerari.
516 917 553 983 cf.
576 917 615 983 H.
640 918 762 984 Usener
794 922 886 988 Anal.
909 921 1066 1006 Theophr.
1088 941 1119 1004 p.
1140 929 1177 988 15
1191 941 1237 1006 sq.

142 1020 204 1086 Sed
224 1022 264 1086 de
284 1019 499 1088 notationibus
520 1021 685 1088 hactenus.
756 1031 758 1034 ’

239 1129 330 1197 Nunc
351 1129 514 1196 videamus
537 1147 616 1210 quas
637 1131 774 1196 virtutes
795 1132 837 1198 ad
857 1133 1027 1199 amicitiam
1048 1152 1235 1202 conservan-

91 1236 95 1243 ’
138 1240 213 1304 dam
247 1238 385 1305 maxime
420 1239 549 1305 idoneas
584 1238 732 1306 habuerit
763 1225 1014 1322 Theophrastus.
1064 1243 1151 1310 Fidei
1187 1245 1238 1311 cui

140 1353 266 1414 tantum
288 1347 401 1413 tribuit
425 1345 535 1413 Cicero
557 1348 575 1429 ᾗ
595 1353 633 1413 65
657 1350 697 1414 ad
719 1349 876 1416 amicitias
897 1350 1110 1428 stabiliendas,
1135 1352 1238 1418 Theo·

138 1456 304 1539 phrastum
333 1474 458 1538 quoque
483 1456 638 1524 rationem
665 1457 816 1524 habuisse
843 1462 955 1539 sponte
982 1459 1237 1545 intellegitur31)

140 1567 225 1646 quod
238 1584 313 1631 vero
328 1565 490 1631 Walterus
502 1567 620 1649 Burley
638 1567 659 1631 l.
678 1567 699 1632 l.
717 1567 775 1632 sub
795 1567 919 1632 nomine
935 1567 1147 1648 Theophrasti
1168 1587 1237 1634 sen·

138 1675 272 1740 tentiam
287 1673 394 1740 affert:
409 1667 531 1740 ‘Amici
542 1672 620 1739 fides
632 1675 802 1756 coagulum
822 1679 870 1741 est
880 1667 1056 1742 amicitIae'
1071 1678 1104 1742 id
1115 1695 1173 1758 pro
1187 1696 1236 1743 ar·

139 1786 288 1864 gementu
302 1780 412 1846 haberi
427 1782 580 1846 nolumus.
608 1771 691 1848 Nam
705 1784 813 1863 paullo
829 1789 903 1849 aute
914 1785 1027 1850 eidem
1042 1785 1164 1850 auctori
1180 1785 1236 1850 tri·
1280 1828 1281 1833 .

140 1889 254 1954 buerat
264 1885 451 1954 seutentiam
467 1882 642 1954 ‘amicitias
653 1889 850 1956 immortales
863 1910 933 1958 esse
951 1884 1102 1975 oportet’
1133 1892 1236 1969 Quam

139 2002 246 2062 tamen
268 1996 348 2061 Livii
370 1996 649 2063 esseWoelfflinus
670 1999 836 2064 intellexit.
874 1999 952 2065 Cum
975 2001 1073 2081 igitur
1093 2001 1156 2064 iam
1178 2000 1237 2066 hoc
1324 2035 1326 2038 ν

140 2105 208 2171 loco
240 2107 430 2186 scriptorum
462 2110 557 2170 notae
588 2106 682 2187 plane
711 2106 863 2173 turbatae
899 2109 971 2186 sint,
1004 2109 1236 2189 insequentium

139 2215 369 2279 sententiarum
390 2212 485 2279 iudici
508 2211 587 2288 fides
611 2213 702 2278 nulla
723 2212 881 2301 habeatur
904 2199 1033 2282 necesse
1053 2221 1111 2281 est.

238 2322 413 2388 Veritatem
434 2321 606 2404 vinculum,
638 2323 692 2388 sed
729 2341 800 2388 curn
823 2325 1008 2390 morositate
1038 2325 1235 2391 contunctam

138 2448 292 2496 venenum
327 2429 487 2495 amicitiae
510 2429 749 2512 Theophrastus
778 2431 898 2498 habuit.
942 2433 1161 2499 Morositatem
1182 2450 1237 2498 no-

138 2557 217 2618 cere,
238 2540 427 2604 suavitatem
439 2539 505 2604 sine
520 2538 736 2604 assentatione
750 2539 984 2606 condimentum
999 2559 1068 2608 esse
1081 2542 1235 2608 amicitiae

138 2648 324 2712 Aristoteles
347 2649 501 2714 docuerat
522 2647 595 2712 Eth.
619 2645 685 2712 Nic.
706 2647 791 2728 VIII,
813 2650 832 2710 6
856 2652 888 2714 et
909 2653 936 2728 7,
959 2651 1012 2730 qui
1042 2644 1102 2734 τήν
1122 2650 1236 2737 φιλίαν

135 2754 237 2840 μέσην
258 2747 340 2820 εἶναι
359 2754 530 2832 κολακείας
550 2754 604 2819 καὶ
628 2752 752 2837 ἔχθρας
774 2758 907 2837 putavit.
940 2757 987 2824 De
1002 2761 1233 2825 sententiarum

137 2862 328 2928 auctoritate
355 2877 437 2941 quas
460 2861 621 2926 Walterus
651 2859 711 2926 hac
741 2862 781 2926 de
806 2878 841 2924 re
865 2861 1074 2943 Theophrasti
1108 2867 1233 2931 nomine

119 2969 329 3050 praescripto
352 2967 455 3049 affert,
477 2967 627 3034 iudicium
649 2967 788 3046 cohibeo.
815 2967 910 3035 Sunt
926 2988 999 3036 vero
1015 2970 1105 3046 haec:
1128 2967 1233 3039 ‘Ami-

137 3097 208 3144 cum
229 3079 383 3144 blandum
400 3095 486 3158 cave,
509 3078 598 3144 cuius
618 3077 750 3143 verbum
771 3095 895 3159 semper
918 3083 967 3144 est
993 3078 1094 3146 dulce.
1128 3083 1234 3148 Bonus

136 3185 255 3251 amicus
276 3186 405 3265 gravius
429 3185 587 3252 irascitur.
629 3185 773 3250 Amicum
793 3185 920 3251 laedere
949 3205 988 3252 ne
1009 3188 1075 3254 ioco
1108 3189 1234 3269 quidem

135 3284 287 3373 oportet’
330 3293 375 3359 cf.
404 3293 465 3358 Cic.
489 3293 529 3374 ἐξ
554 3297 604 3358 66.
628 3297 678 3358 89.
704 3296 754 3357 90.
783 3298 833 3358 92.
854 3294 938 3359 Plut.
967 3293 1005 3358 de
1027 3313 1086 3360 am.
1121 3301 1153 3360 et
1183 3295 1233 3362 ad.

138 3403 186 3462 22.
212 3402 261 3464 26.
285 3405 335 3464 27.
380 3399 578 3479 Quicumque
600 3379 760 3467 Ciceronis
781 3403 867 3468 locos
902 3419 981 3482 quos
1004 3403 1096 3469 modo
1120 3402 1235 3468 indica-

135 3508 240 3573 vimus
264 3508 342 3590 legit
355 3513 562 3587 nostramque
585 3507 830 3590 disputationem
854 3512 1009 3592 usquead
1030 3512 1115 3577 huuc
1130 3511 1233 3577 locum

238 3777 263 3845 1)
283 3775 369 3830 Arist.
387 3775 453 3831 Eth.
472 3777 533 3832 Nic.
551 3777 624 3842 VIII,
644 3777 660 3831 5
679 3795 705 3847 p.
728 3777 811 3830 11571
830 3777 875 3831 22.
1010 3790 1034 3836 l

235 3872 263 3941 2)
281 3872 440 3926 Amicitiam
451 3873 525 3926 inter
536 3872 686 3943 φειδωλίαν
700 3875 729 3925 et
741 3874 886 3943 φιλαυτίαν
895 3871 1015 3926 mediam
1026 3888 1086 3927 esee
1097 3871 1233 3927 docuerat

135 3968 228 4023 nescio
247 3969 309 4036 quis
327 3968 528 4038 Peripateticus
550 3967 797 4038 repensantur.
816 3967 850 4036 H,
868 3968 894 4034 6,
915 3969 955 4021 16.
992 3967 1128 4022 Subtilior
1152 3969 1234 4038 louge

136 4067 178 4118 eet
196 4064 361 4119 Aristoteles
380 4063 444 4118 Eth.
464 4063 525 4118 Nic.
545 4063 590 4132 IV,
611 4065 644 4117 12
662 4063 711 4118 ubi
729 4062 804 4132 iuter
822 4059 955 4133 ἀρέσκοας
973 4067 1001 4118 et
1020 4063 1166 4133 δυσέριδας
1184 4081 1231 4118 seu

135 4156 283 4220 donatione
302 4177 350 4214 eoa
371 4176 432 4214 esse
450 4159 541 4229 docet,
560 4175 680 4228 quorum
698 4159 788 4214 virtus
808 4158 919 4212 nomino
931 4157 1043 4227 quidem
1061 4161 1165 4226 careat,
1184 4157 1233 4213 aad
1294 4145 1300 4150 ’

3 4273 4 4276 ’
49 4281 52 4286 -
136 4254 171 4308 ad
190 4255 340 4309 amicitiam
359 4255 488 4324 proxime
507 4253 628 4308 accedat.

1018 4367 1034 4418 3
