2910 4908
6 1399 13 1510 'j
96 1415 100 1428 r

4 1522 12 1637 t

609 1151 785 1236 sensus,

250 1593 527 1675 Theopompus
546 1574 675 1674 quidde
697 1591 828 1658 Cimone
842 1574 1026 1661 iudicaverit
1040 1577 1101 1660 uon
1128 1591 1248 1657 intelle·

152 1706 267 1766 xerunt
287 1701 347 1766 viri
369 1701 460 1781 docti,
484 1701 599 1784 quippe
614 1720 692 1782 quos
713 1701 832 1784 sugerit
854 1698 1065 1780 fragmentum
1085 1704 1246 1772 servatum

153 1810 238 1890 apud
261 1809 412 1892 Gyrillum
433 1815 542 1875 contra
564 1810 720 1875 Iulianum
746 1809 791 1874 VI
811 1827 842 1890 p.
864 1807 964 1872 188A
987 1807 1104 1888 Spanh.

683 1917 723 1981 Π.

251 2025 407 2091 Homeri
430 2024 608 2090 scribantur
629 2043 738 2090 versus
761 2028 800 2086 A
822 2027 880 2088 168
902 2022 977 2088 ἐπεί
997 2047 1033 2088 κε
1052 2017 1157 2106 κάμω,
1181 2029 1219 2087 H
1227 2030 1245 2088 5

151 2131 227 2196 ἐπεί
248 2156 283 2198 κε
303 2127 449 2214 κάμωσιν
472 2137 501 2197 Ρ
519 2137 590 2210 658,
614 2130 688 2197 ἐπεὶ
706 2121 749 2214 ὄρ
771 2155 807 2196 κε
829 2125 977 2218 κάμῃσιν.

667 2242 723 2307 ΠΙ.

208 2357 211 2360 ’
252 2352 507 2434 Empedoclis
528 2351 568 2415 de
591 2357 657 2417 nst.
678 2350 693 2414 l
718 2354 775 2415 136
796 2351 840 2417 St.
863 2351 1045 2418 scribendus
1068 2357 1117 2417 est
1138 2369 1247 2418 versus

149 2453 227 2525 οὐδὲ
247 2458 306 2542 μὲν
328 2451 396 2524 οὐδ’
417 2452 490 2543 αἴης
512 2453 628 2524 λάσιον
649 2456 774 2540 δέμας
795 2449 871 2524 οὐδὲ
892 2451 1055 2525 θάλασσα.

670 2568 725 2632 IV.

251 2677 520 2760 Popularibus
540 2677 733 2743 Graecorum
754 2675 905 2741 fabulis
926 2675 1112 2741 Aristoteles
1145 2676 1246 2740 utitur

153 2785 245 2851 Rhet.
267 2786 282 2849 Ι
305 2791 322 2850 5
345 2805 376 2867 p.
400 2789 503 2848 1362α
527 2791 546 2850 8
568 2803 636 2866 sqq.

225 2935 227 2938 -
681 2895 717 2959 V.

249 3001 488 3068 conclamatum
512 3020 601 3069 -esse
642 2997 702 3067 τὸν
738 3000 771 3066 ἐν
813 2997 924 3084 Αἰγίῳ
965 2997 1245 3080 παιδεραστοῦντα

152 3109 243 3194 χῆνα,
269 3130 330 3175 non
351 3112 435 3192 quod
457 3111 589 3178 tradunt
617 3109 673 3175 criu
695 3109 728 3175 ἐν
751 3104 914 3194 Αἰγύπτῳ
942 3107 1069 3190 scripsit
1089 3107 1246 3172 Plutar-

154 3217 248 3282 chus
275 3219 313 3283 de
335 3221 403 3285 soll.
433 3237 482 3283 an.
509 3224 547 3283 18
575 3220 613 3284 cl.
640 3220 753 3285 Athen.
775 3217 851 3282 XIII
875 3235 906 3297 p.
928 3220 989 3280 606
1002 3214 1035 3293 Ο,
1064 3215 1187 3280 Aelian.
1208 3215 1248 3279 de

156 3342 206 3390 an.
230 3325 258 3389 V
281 3329 320 3390 29
340 3326 430 3392 alios

674 3435 727 3499 Vl.

249 3541 470 3607 Fetialium
501 3543 569 3607 iure
590 3541 730 3624 gentium
760 3543 877 3608 violato
907 3543 1123 3608 iudiciumne
1153 3558 1250 3612 uuum

153 3649 280 3728 quidem
312 3666 417 3714 rerum
454 3651 624 3731 scriptores
662 3650 810 3730 tradunt3
847 3669 950 3733 neque
982 3651 1110 3716 Diodori
1144 3650 1250 3714 locum

152 3774 184 3836 p.
208 3761 266 3821 631
293 3758 342 3821 W.
372 3775 445 3822 vere
466 3757 693 3838 interpretatus
725 3764 774 3826 est
796 3760 970 3826 Mommsen
994 3752 1102 3824 ‘Rom
1124 3757 1247 3823 Staats·

153 3856 259 3930 recht’
281 3864 323 3945 II,
349 3869 363 3928 1
387 3883 418 3947 p.
442 3869 513 3946 650,
535 3869 564 3930 4.

666 3972 735 4037 VII.

253 4079 406 4144 Seneca
435 4079 476 4147 ad
503 4079 609 4161 Polyb.
637 4080 676 4146 de
701 4082 817 4147 consol.
841 4086 860 4146 9
890 4081 1032 4162 scripsit:
1064 4074 1144 4145 ‘Est
1171 4078 1247 4144 mihi

153 4184 244 4250 crede
266 4198 382 4268 magna
403 4184 537 4253 felicitas
557 4187 589 4252 in
610 4187 679 4269 ipse
700 4188 952 4256 necessItate
973 4177 1157 4261 moriendi'
