2910 4908
781 337 820 398 16

250 523 299 586 est
320 523 427 586 sutem
448 518 584 601 primum
614 518 718 600 ipsum
740 537 810 586 esse
840 519 943 584 virum
964 517 1091 600 bonum,
1118 522 1188 585 tum
1211 517 1352 584 alterum

250 626 300 693 sui
333 627 468 692 similem
500 627 682 708 quaerere'.
719 626 758 692 cf.
789 626 861 692 Eth.
885 625 952 692 Nic.
976 627 1062 707 VIII,
1096 632 1170 709 tp.
1198 627 1294 691 1156b
1321 632 1352 690 7.

250 721 513 824 laesissetis
541 734 634 822 φιλία
666 733 721 799 καὶ
737 735 806 799 κατ’
828 725 946 820 ἀρετὴν
968 730 1092 818 ὁμοίων
1105 733 1131 818 ι)
1178 737 1245 802 Hoc
1268 738 1354 803 enlm
1422 771 1424 805 1

250 845 365 911 iterum
389 845 569 925 iterumque
590 844 765 926 repetivere
791 842 969 926 philosophi
991 842 1243 928 Peripateticis,
1267 846 1353 912 inter

250 953 349 1018 honos
370 951 453 1018 solos
475 970 582 1018 veram
603 952 776 1030 amicitiam
799 956 918 1040 extare.
950 951 1072 1017 Viliora
1091 952 1219 1033 quidem
1240 953 1352 1019 amici·

250 1061 315 1127 tiae
351 1077 468 1143 genera
501 1061 585 1126 inter
615 1060 732 1126 bonum
766 1059 949 1140 malumque
979 1059 1136 1126 hominem
1170 1078 1238 1127 esse
1258 1081 1354 1144 posse

250 1168 439 1236 Aristoteles
458 1173 664 1249 concesserat,
685 1165 858 1249 perfectam
879 1185 954 1234 vero
977 1167 1149 1235 amicitiem
1166 1171 1248 1237 inter
1263 1159 1351 1238 solos

253 1278 357 1345 honos.
402 1277 476 1343 Eth.
507 1275 573 1344 Nic}
607 1275 693 1353 VllI,
727 1281 796 1360 op.
830 1279 925 1340 11511
941 1281 978 1341 16
1010 1276 1051 1341 δι’
1075 1271 1192 1366 ἡδονὴν
1214 1277 1273 1360 μὲν
1295 1264 1354 1343 οὖν

250 1385 305 1451 καὶ
337 1381 391 1451 διὰ
423 1381 462 1450 τὸ
482 1379 643 1470 χρήσιμον
674 1383 746 1448 aad
760 1375 905 1470 φαύλους
938 1381 1098 1464 ἐνδέχεται
1128 1384 1246 1472 φίλους
1268 1376 1354 1450 εἶναι
1426 1445 1427 1466 ἦ

250 1485 402 1582 ἀλλήλοις
423 1493 478 1557 καί
493 1491 649 1569 ἐπιεικεῖς
668 1485 806 1579 φαύλοις
826 1491 880 1556 καὶ
900 1490 1079 1576 μηδέτερον
1103 1484 1282 1580 inocente,
1308 1493 1350 1559 δι’

254 1597 373 1680 adcola
393 1600 429 1668 δὲ
446 1601 543 1689 δῆλον
568 1594 620 1666 ὅτι
641 1594 763 1683 μόνους
784 1595 861 1677 τούς
882 1591 1029 1685 ἀγαθούς
1041 1601 1076 1684 ⁸).
1100 1602 1211 1684 Neque
1225 1601 1350 1684 sapien·

159 1752 164 1761 -
253 1713 295 1777 tis
333 1710 376 1796 (v.
411 1712 453 1791 ἐξ
476 1712 526 1774 68.
552 1709 604 1792 18)
638 1710 764 1775 nomme
801 1709 880 1774 alius
917 1728 936 1775 a
969 1708 1119 1776 Cicerone
1154 1711 1350 1795 significatur

252 1827 348 1903 atque
369 1820 423 1903 qui
445 1818 608 1886 Aristoteli
630 1819 813 1896 σπουδαῖος
832 1819 882 1886 111
904 1810 1031 1903 ἀγαθὸς
1043 1822 1069 1904 ⁴)
1091 1823 1196 1901 audit3
1215 1823 1348 1890 eundem

252 1933 336 1999 enirn
358 1929 451 1996 Plato
473 1928 579 2012 Lysid.
601 1947 631 2010 p.
654 1928 755 1993 2101)
777 1921 885 2013 σοφόν
895 1928 920 2011 ⁶)
951 1932 1053 2009 vocat,
1087 1930 1212 1997 etiamsi
1242 1931 1349 1998 amici·

252 2041 331 2106 tiam
365 2038 397 2103 in
430 2028 569 2103 utilitate
608 2036 709 2118 magis
747 2054 842 2118 quam
875 2037 1064 2104 Aristoteles
1103 2038 1239 2120 positam
1283 2057 1352 2105 esse

253 2147 386 2233 putavit.
410 2126 588 2223 Quid'vero
606 2144 779 2228 cogitemus
801 2144 840 2214 de
860 2145 1018 2212 Ciceronis
1038 2145 1151 2211 iudicio
1174 2146 1213 2228 ἐξ
1236 2150 1284 2212 18.
1302 2151 1351 2215 21.

256 2260 297 2322 38
308 2255 484 2338 perfectam
506 2255 594 2321 illam
618 2254 749 2334 vitiique
772 2255 900 2320 omnino
920 2259 1083 2335 expertem
1106 2255 1265 2334 virtutem,
1289 2273 1352 2336 qua

256 2368 415 2431 carentem
443 2362 612 2428 amicitiam
634 2363 793 2443 corrumpi
820 2363 1006 2428 Aristoteles
1028 2363 1231 2444 iudicaverat,
1261 2364 1352 2429 nimis

249 2491 364 2540 'severe
397 2469 621 2553 postulandam
656 2488 725 2535 esse
749 2471 917 2551 negantis?
960 2468 1050 2549 Quod
1083 2473 1198 2554 duplici
1232 2472 1352 2538 ratione

257 2579 407 2665 explicari
428 2580 542 2660 potest.
571 2577 639 2642 Aut
660 2577 743 2648 enirn
767 2577 1006 2659 Theophrastus
1027 2579 1095 2662 ipse
1115 2580 1222 2661 paullo
1244 2581 1352 2648 remis·

257 2689 321 2754 sius
341 2690 506 2772 magisque
538 2705 577 2753 en
598 2686 760 2752 homiuum
792 2684 930 2751 moribus
964 2685 1023 2772 hac
1046 2687 1085 2752 de
1106 2705 1141 2753 re
1160 2687 1354 2754 iudicaverat

258 2801 316 2863 aut
351 2796 400 2862 vir
435 2797 598 2863 Romanus
633 2792 845 2860 definitionem
884 2796 1069 2862 attenuasse
1100 2796 1259 2877 putandus
1295 2799 1352 2862 est.

258 2903 337 2970 Mihi
357 2905 485 2986 quidem
514 2901 637 2969 facilius
670 2902 826 2984 probatur
848 2901 890 2966 M.
914 2901 1054 2967 Tullium
1088 2902 1170 2976 sicut
1196 2903 1353 2969 amicitiae
1430 2883 1431 2896 ¹

256 3030 373 3095 genera
402 3013 521 3078 leviore
550 3008 791 3093 philosophandi
812 3027 928 3089 genere
949 3007 1141 3090 confuderat,
1165 3030 1236 3077 eam
1256 3010 1352 3076 virtu·

256 3126 321 3187 tem
358 3137 441 3201 quae
472 3117 603 3202 fingitur
639 3120 673 3182 et
704 3116 736 3180 in
767 3115 1026 3198 philosophorum
1046 3115 1288 3199 cogitationibus
1307 3118 1351 3182 in·

359 3337 384 3407 l)
404 3336 460 3392 Cic.
479 3336 514 3390 ds
533 3333 579 3389 off.
598 3335 662 3390 155
682 3333 879 3404 [familiaritas]
899 3334 976 3389 nulla
986 3333 1103 3403 firmior,
1123 3353 1206 3405 quam
1218 3352 1283 3392 oum
1302 3339 1353 3393 viri

257 3432 325 3488 boni
351 3430 476 3486 moribus
500 3430 602 3485 similes
626 3433 691 3484 sunt
717 3429 906 3485 familiaritate
933 3430 1083 3486 coniuncti.
1126 3431 1207 3487 Aust.
1236 3433 1271 3488 de
1297 3451 1353 3504 rep.
1429 3457 1431 3466 ⁴

257 3527 358 3583 Athen.
379 3529 405 3595 8,
426 3529 466 3581 10.
494 3526 592 3581 Platon
622 3524 657 3581 de
676 3525 743 3597 Leg.
761 3525 827 3581 VIII
855 3543 882 3595 p.
901 3528 953 3581 837
973 3529 1056 3598 φίλον
1073 3529 1129 3597 μέν
1146 3547 1200 3581 που
1220 3530 1354 3600 καλοῦμεν
1430 3565 1431 3570 =

257 3620 358 3695 ὅμοιον
387 3619 477 3692 ὁμοίῳ
504 3621 561 3674 κατ’
580 3614 678 3691 duperia
700 3623 746 3673 καὶ
764 3626 826 3676 ἴσον
843 3627 902 3690 ἴσῳ.
945 3620 1124 3675 Nobilissima
1144 3620 1179 3676 de
1205 3621 1301 3678 eadem
1325 3638 1355 3674 re

256 3717 427 3788 Thucydidis
446 3720 489 3771 est
506 3733 561 3772 vox
580 3715 629 3785 111,
650 3718 690 3771 10.

360 3815 388 3885 2)
407 3811 552 3867 Platonem
571 3811 659 3866 secuti
669 3809 742 3880 Rep.
758 3808 779 3879 1,
791 3826 818 3880 p.
832 3810 922 3866 send.
941 3813 1033 3868 336h.
1051 3811 1100 3881 111,
1113 3829 1141 3882 p.
1152 3814 1204 3870 402
1210 3811 1242 3869 D.
1264 3812 1350 3867 40311.

357 3911 385 3980 8)
406 3909 441 3965 cf.
458 3907 523 3964 Eth.
541 3903 614 3963 Eud.
633 3907 694 3978 VII,
712 3908 738 3962 2.
754 3925 781 3978 p.
803 3905 888 3961 rneob
913 3909 955 3963 10.

357 4007 387 4077 4)
405 4006 441 4061 cf.
459 4003 524 4059 Eth.
543 4002 604 4060 Nic.
623 4001 694 4071 VIII,
713 4003 729 4056 9
747 4019 774 4074 p.
797 4001 879 4056 1159ι
897 4001 932 4056 22
948 4003 974 4054 οἱ
992 4001 1118 4060 ἐπιεικεῖς
1135 4003 1181 4055 καὶ
1197 3994 1305 4060 εἰδότες.
1333 4049 1336 4056 .

359 4099 387 4170 5)
406 4100 440 4156 11.
461 4100 523 4155 Seu.
542 4099 577 4154 de
591 4099 653 4154 ben.
672 4097 732 4167 VII,
753 4099 794 4152 12.
818 4096 941 4168 Epictet.
960 4096 1027 4152 diss.
1043 4096 1078 4166 11,
1097 4096 1141 4167 22,
1160 4099 1177 4151 8
1198 4096 1272 4151 solos
1289 4113 1352 4167 pru·

259 4198 356 4254 dentes
374 4212 468 4251 amare
485 4209 566 4263 posse
584 4193 683 4248 statuit
701 4193 749 4246 τοῦ
767 4197 906 4265 φρονίμου
915 4197 1006 4247 τοίνυν
1022 4191 1080 4244 ἐστὶ
1096 4187 1185 4263 μόνον
1202 4189 1233 4246 τὸ
1252 4194 1349 4263 φιλεῖν,

46 4592 336 4856 Α
