2910 4908
780 307 818 368 18

251 483 338 553 ἔοικε
379 479 467 569 τιρός
503 482 542 551 τό
591 485 817 571 γεγεννημένον
854 486 902 570 τῷ
940 478 1125 570 γεννήσαντι
1166 485 1221 550 καὶ
1260 479 1347 568 πρὸς

248 591 286 660 cd
331 596 484 678 γεννῆσαν
525 593 573 678 τῷ
614 588 812 676 γεννηθέντι,
851 580 890 654 οὗ
932 584 1034 673 μόνον
1075 587 1109 655 ἐν
1150 581 1347 672 ἀνθρώποις

248 695 329 766 ἄλλα
360 703 414 766 καὶ
447 701 480 767 ἓν
509 691 614 784 ὄρνισι
643 698 698 764 καὶ
730 701 812 778 τοῖς
829 697 998 776 πλείστοις
1022 700 1088 763 τῶν
1121 692 1213 783 ζῴων
1241 698 1307 763 κτλ.
1322 698 1347 779 ¹)
1396 735 1405 776 .3

250 813 356 892 Atque
389 809 498 876 eadem
528 827 659 890 prorsus
688 809 811 874 ratione
831 806 939 874 Cicero
965 808 1025 874 hoc
1046 804 1268 889 argumentum
1291 806 1348 873 ad·

247 919 336 985 hibet
357 919 378 998 ἓ
400 921 457 982 27:
490 915 529 980 ‘a
549 921 666 982 natura
697 915 773 981 mihi
809 915 935 982 videtur
969 916 1074 999 potius
1109 933 1204 997 quam
1237 915 1278 980 ah
1300 915 1347 979 in-

248 1025 389 1107 digentia
410 1029 482 1092 orta
506 1025 659 1090 amicitia:
692 1021 902 1105 applicatione
934 1024 1036 1106 magis
1059 1022 1156 1088 animi
1177 1040 1248 1088 cum
1270 1038 1347 1102 qno·
1421 1039 1424 1120 η

249 1133 323 1198 dam
344 1151 440 1200 sensu
461 1133 597 1212 amandi,
632 1148 728 1214 quam
749 1131 941 1215 cogitatione
962 1135 1117 1211 qnantum
1139 1130 1194 1195 illa
1215 1147 1266 1195 res
1287 1131 1349 1195 uti·
1377 1199 1384 1212 ,
1422 1123 1424 1160 ¹

249 1241 351 1308 litatis
387 1245 471 1308 esset
504 1239 664 1306 habitura.
709 1239 800 1318 Quod
835 1239 960 1322 quidem
992 1239 1087 1319 quale
1111 1239 1163 1320 sit,
1195 1238 1292 1303 etiam
1305 1239 1346 1302 ·in

249 1349 357 1415 hestiis
382 1349 569 1430 quibusdam
605 1347 814 1414 animadverti
843 1352 957 1429 potest,
994 1366 1075 1429 quae
1111 1365 1151 1414 ex
1186 1364 1220 1414 se
1255 1351 1346 1411 natos
1418 1380 1422 1391 ι

249 1458 294 1522 ita
316 1461 425 1523 amant
457 1454 497 1521 ad
518 1456 677 1538 quoddam
711 1439 857 1538 tempus'
870 1459 902 1520 et
922 1454 962 1522 ab
996 1456 1033 1521 iis
1059 1455 1105 1520 ita
1128 1460 1286 1536 amantur,
1310 1459 1346 1518 ut

248 1563 342 1630 facile
372 1580 482 1630 earum
513 1581 625 1630 sensus
656 1563 836 1645 appareat'.
874 1552 965 1642 Quod
985 1566 1209 1646 argumentum
1230 1562 1345 1628 iterum

249 1672 420 1738 adhibetur
441 1674 462 1752 ξ
484 1676 534 1737 81.
557 1670 636 1736 Cum
659 1671 738 1737 adeo
760 1670 869 1738 Cicero
891 1675 924 1736 et
946 1671 1133 1738 Aristoteles
1155 1671 1345 1754 conspirent,

251 1779 491 1860 Theophrastus
514 1778 727 1859 Aristotelem,
748 1778 856 1846 Cicero
879 1778 1133 1861 Theophrastum
1154 1781 1347 1862 expressisse
1410 1827 1419 1833 .

143 1913 162 1928 ..
248 1887 404 1953 videntur.

349 1994 586 2077 Theophrastus
619 1994 768 2062 iudicium
801 1996 995 2077 probaturus
1027 1997 1066 2062 de
1093 2012 1216 2060 morum
1238 1995 1345 2062 simili-

248 2103 368 2182 tudine,
404 2086 501 2183 vquarn
538 2103 622 2168 inter
655 2103 773 2169 amicos
808 2103 1003 2170 intercedere
1034 2102 1144 2183 voluit,
1180 2101 1346 2183 proverbia

250 2211 408 2290 quaedam
439 2208 594 2288 adhibuit,
629 2227 711 2290 quae
744 2209 830 2291 apud
856 2211 1065 2277 Plutarchum
1100 2214 1133 2277 et
1165 2209 1345 2276 Ciceronem

248 2316 343 2383 hodie
364 2316 522 2398 leguntur.
565 2315 707 2382 Primum
735 2316 871 2404 ὁφίλος
891 2307 991 2395 ἄλλος
1021 2311 1121 2395 αὐτός
1141 2317 1193 2396 (ci.
1216 2320 1346 2385 Aristot.

248 2423 322 2490 neh.
366 2423 433 2490 Nic.
475 2424 529 2505 rx,
568 2429 658 2518 rtp.
705 2428 799 2490 noe
832 2430 868 2491 31
913 2429 946 2493 er
982 2426 1037 2506 lx,
1076 2431 1094 2491 ο
1131 2445 1161 2508 p.
1200 2427 1344 2491 niobe

248 2530 359 2614 ἕτερος
388 2527 448 2617 γὰρ
480 2527 578 2610 αὐτὸς
610 2527 749 2619 dmitos
771 2530 883 2616 ἐστίν).
925 2534 1009 2599 Plut.
1037 2534 1076 2599 de
1108 2553 1169 2601 am.
1201 2535 1292 2600 mult.
1317 2539 1345 2602 2.

248 2635 408 2723 σύννομον
442 2633 502 2724 γᾶρ
541 2634 560 2726 ἦ
597 2640 690 2727 φιλία
727 2641 810 2728 ζῴον
847 2631 906 2708 οὐκ
944 2633 1097 2725 ἄγελαῖόν
1137 2641 1224 2708 ἐστιν
1272 2637 1346 2708 otti

250 2748 436 2834 κολοιῷὁες,
481 2747 534 2813 καὶ
574 2743 613 2813 τὰ
647 2737 748 2814 ἄλλον
788 2741 888 2814 αὐτὸν
914 2743 1070 2834 ἡγεῖσθαι
1097 2744 1156 2815 τὸν
1197 2748 1295 2837 φίλον
1309 2748 1345 2834 ²).
1428 2747 1429 2802 l

250 2858 391 2924 Ciceroni
424 2859 445 2938 ὅ
466 2861 507 2921 80
540 2859 568 2923 is
601 2862 649 2924 est
674 2876 769 2927 verus
791 2860 910 2926 amicus
931 2860 984 2942 qui
1006 2864 1056 2926 est
1078 2867 1242 2941 tamquam
1262 2859 1345 2923 alter
1427 2853 1429 2892 ¹

248 2963 339 3030 idem.
380 2964 483 3043 Quam
518 2965 558 3028 ad
589 2981 698 3030 vocem
731 2967 874 3048 proxime
907 2967 1030 3034 accedit
1060 2967 1222 3048 pulchrior
1243 2966 1345 3032 altera

248 3072 270 3150 ς
294 3075 349 3136 23:
378 3071 508 3137 ‘verum
529 3073 613 3137 enim
636 3073 771 3140 amicum
794 3075 846 3153 qui
869 3075 1019 3154 intuetur,
1054 3078 1218 3157 tamqnam
1239 3092 1344 3141 exem·

350 3298 374 3362 1)
395 3295 429 3350 ef.
445 3296 511 3352 Eth.
536 3295 608 3351 Eud.
631 3296 690 3366 Vll,
712 3300 770 3367 lp.
800 3298 883 3354 1235ss
908 3302 942 3355 33
966 3304 1092 3371 φαίνεται
1116 3299 1150 3353 δὲ
1173 3301 1219 3352 καὶ
1241 3298 1272 3354 ἒν
1289 3305 1344 3359 τοῖς

247 3397 354 3463 θηρίοις
373 3390 473 3445 ἐνοῦσα
495 3394 582 3463 φιλία·
603 3387 846 3462 προαποθνήσκειν
867 3386 916 3450 οὖν
936 3395 1074 3466 αἱροῦνται
1092 3395 1146 3449 τῶν
1161 3398 1272 3450 τέκνων.
1309 3394 1343 3448 cf.

249 3486 300 3541 hac
319 3485 354 3541 de
372 3502 403 3541 re
421 3486 529 3541 Platon.
548 3486 674 3558 Syr-opos.
692 3505 720 3557 p.
734 3491 787 3544 207
807 3507 846 3559 sq.
883 3489 946 3545 Non
964 3489 1095 3545 utilitatis
1114 3506 1196 3545 cansa
1215 3490 1265 3544 sed
1282 3489 1344 3558 ipsa
1428 3499 1429 3502 ’

248 3584 349 3635 natura
376 3580 511 3635 incitante
535 3581 646 3636 amandi
668 3583 791 3637 studium
821 3584 899 3654 gigni
924 3584 1033 3653 colique
1064 3585 1160 3640 Cicero
1189 3584 1343 3640 identidem

246 3676 359 3731 Pacuvii
378 3692 413 3730 ex
430 3676 577 3732 Duloreste
594 3677 722 3733 versibus
737 3679 847 3748 prohat.
869 3679 945 3736 Lael.
970 3681 1013 3734 24.
1031 3679 1066 3736 de
1082 3679 1130 3736 fin.
1148 3680 1176 3735 II
1194 3684 1237 3736 79.
1255 3681 1280 3735 V
1298 3681 1342 3735 63.

248 3770 326 3825 Idem
346 3771 505 3827 Stoicorum
529 3773 647 3828 similem
663 3772 906 3830 ratiocinationem
929 3775 1048 3830 tradidit
1066 3776 1100 3831 de
1118 3774 1164 3832 fin.
1184 3776 1287 3830 11162.
1306 3776 1341 3831 cf.

249 3882 289 3922 or.
308 3883 361 3937 pro
378 3867 480 3923 Roscio
498 3868 630 3924 Amerino
646 3868 669 3940 ξ.
690 3870 733 3924 63.

347 3963 373 4030 2)
392 3952 565 4034 Pythagorae
577 3962 661 4019 datur
675 3962 820 4020 aPhilone
830 3968 850 4020 t.
865 3965 903 4020 v1
914 3983 941 4037 p.
952 3968 1005 4021 218
1015 3966 1106 4022 Richt.
1116 3969 1145 4021 et
1159 3967 1188 4020 in
1200 3963 1338 4036 florilegio

247 4055 412 4111 Florentino
432 4060 477 4128 133
497 4059 602 4115 Zenoni
619 4061 649 4114 in
666 4060 766 4129 glossis
785 4077 853 4130 quas
870 4061 961 4118 edidit
972 4061 1083 4130 Beynen
1093 4060 1182 4130 Lugd.
1196 4062 1257 4116 Bat.
1271 4061 1339 4117 1837

247 4154 276 4204 et
295 4168 311 4204 a
328 4151 419 4207 Ladrt.
438 4154 490 4210 Vll
508 4156 550 4209 23.
583 4154 701 4225 Legitur
718 4159 864 4224 praeterea
882 4157 912 4211 in
930 4155 1073 4226 [Senecae]
1094 4157 1194 4214 Moral.
1213 4160 1257 4214 20.
1278 4159 1341 4213 145.
