2910 4908
330 537 474 602 Arduum
495 536 622 616 quidem
645 537 695 601 est
722 534 801 600 illud
822 534 1002 616 disputandi
1025 553 1125 616 genus
1157 539 1189 598 et
1209 534 1242 598 in
1263 551 1327 614 quo

229 646 269 710 ad
285 645 439 725 liquidum
460 663 511 711 res
533 663 629 727 saepe
649 644 779 726 perduci
802 661 864 709 non
889 644 1020 724 possint.
1063 643 1122 708 Est
1145 648 1249 709 tamen
1272 641 1325 706 ubi

228 759 294 820 tam
316 755 391 820 laeti
412 753 536 819 fructus
562 752 635 819 inde
658 753 883 836 percipiantur,
911 756 949 815 ut
969 752 987 814 ii
1011 752 1195 832 omnesqui
1218 756 1251 815 et
1272 750 1327 815 ha-

228 882 299 928 rum
320 863 484 926 literarum
506 859 672 925 historiam
701 861 843 924 tractent
874 875 977 937 neque
1008 857 1163 923 rationem
1188 856 1328 922 habeant

229 987 338 1036 eorum
359 967 549 1047 scriptorum
584 982 664 1045 quos
690 965 794 1030 aliena
816 982 873 1046 pro
903 965 969 1030 suls
996 965 1160 1031 venditare
1194 969 1325 1042 constet,

227 1076 297 1142 lure
318 1072 603 1156 reprehendantur.

328 1181 448 1246 Nostra
467 1198 541 1246 uero
574 1178 749 1260 disputatio
779 1178 880 1246 omnis
913 1179 1160 1260 proficiscItura
1185 1180 1328 1246 GeIIIano

228 1293 297 1362 loco
329 1309 392 1372 quo
425 1290 575 1358 docemur
602 1308 622 1353 a
650 1289 691 1354 M.
723 1288 827 1354 Tullio
855 1287 1065 1370 Theophrasti
1098 1289 1213 1354 librum
1249 1289 1329 1371 περὶ
1404 1335 1408 1340 -

229 1399 341 1487 φιλίας
361 1398 550 1479 inscriptum
569 1395 744 1462 adhibitum
768 1411 836 1462 esse
859 1415 930 1462 cum
954 1397 993 1462 de
1012 1397 1152 1463 amicitia
1184 1398 1327 1463 libellum

229 1510 440 1588 componeret.
484 1504 605 1572 Gellius
627 1505 709 1570 enim
732 1509 900 1584 postquam
924 1504 996 1570 inde
1018 1522 1037 1568 a
1059 1503 1189 1571 Chilone
1209 1507 1327 1572 multos
1361 1558 1366 1570 ,

228 1614 444 1699 philosophiae
465 1618 637 1680 sectatores
650 1613 844 1693 quaesivisse
864 1612 1004 1686 tradidit,
1029 1631 1069 1677 an
1090 1631 1326 1695 nonnumquam

228 1723 411 1792 contradus
441 1728 589 1788 contrave
612 1740 731 1788 morem
761 1720 940 1788 faciendum
964 1740 1022 1802 pro
1055 1723 1155 1798 amico
1176 1721 1218 1788 sit
1240 1730 1272 1790 et
1296 1727 1327 1789 in

228 1831 375 1912 qualibus
398 1831 503 1896 causis
525 1836 558 1895 et
580 1845 750 1909 quemnam
773 1831 932 1910 usquead
953 1829 1091 1912 modum,
1115 1831 1195 1895 haee
1216 1833 1329 1898 submit

228 1941 252 2019 I,
278 1944 307 2020 3,
333 1943 386 2004 10:
417 1933 540 2020 ‘super
570 1939 630 2005 hac
663 1939 850 2018 quaestione
960 1938 1010 2004 vel
1041 1939 1279 2020 diligentissime
1309 1961 1329 2006 a

230 2045 448 2127 Theophrasto
461 2048 653 2128 disputatur,
678 2047 744 2113 viro
766 2047 799 2112 in
814 2046 1015 2129 philosophia
1035 2045 1242 2128 peripatetica
1263 2067 1327 2113 mo·

229 2155 411 2222 destissimo
442 2156 694 2237 doctissimoque,
728 2173 829 2236 eaque
862 2155 1037 2236 disputatio
1067 2155 1186 2236 scripta
1214 2161 1272 2231 est,
1303 2158 1329 2220 si

230 2269 315 2328 recte
342 2262 553 2342 meminimus,
586 2263 618 2327 in
643 2262 721 2327 libro
755 2263 823 2328 eius
853 2263 893 2328 de
922 2263 1060 2328 amicitia
1089 2263 1201 2342 primo.
1245 2261 1327 2326 Eum

211 2369 348 2435 ⁴librum
371 2368 413 2432 M.
437 2367 544 2434 Cicero
568 2368 693 2434 videtur
720 2369 843 2449 legisse,
868 2387 938 2434 cum
963 2370 1029 2450 ipse
1059 2386 1183 2449 quoque
1214 2367 1328 2432 librum

230 2476 269 2541 de
291 2475 429 2542 amicitia
446 2481 658 2557 componeret.
705 2477 748 2541 Et
769 2483 875 2544 cetera
897 2477 1032 2557 quidem,
1064 2495 1146 2556 quae
1175 2479 1328 2544 sumenda

230 2584 491 2664 aTheophrasto
521 2584 726 2660 existimavit,
755 2589 792 2650 ut
822 2586 983 2668 ingenium
1018 2584 1230 2666 facundiaque
1261 2579 1328 2651 eius

230 2692 299 2776 fuit,
339 2694 473 2775 sumpsit
510 2698 542 2758 et
576 2693 774 2774 transposuit
807 2695 1056 2761 commodissime
1088 2694 1327 2776 aptissimeque3

230 2801 312 2866 hunc
334 2806 441 2867 autem
464 2801 586 2867 locum.
602 2852 609 2867 .
626 2802 805 2868 ..strictim
835 2806 933 2883 atque
961 2803 1078 2869 cursim
1109 2807 1328 2885 transgressus
1452 2849 1454 2893 ,

231 2898 295 2975 est'
318 2914 377 2973 etc.
399 2907 436 2974 cf.
459 2909 543 2989 VIII,
567 2913 596 2972 6.

328 3016 359 3082 Is
389 3017 469 3083 liber
504 3016 772 3100 Theophrastcns,
808 3037 902 3099 quem
935 3018 1128 3098 tripertitum
1161 3016 1257 3082 fuisse
1289 3038 1328 3084 ex

230 3124 358 3190 Laertio
377 3122 518 3204 Diogene
541 3122 577 3203 V,
600 3125 639 3186 45
663 3127 696 3188 et
716 3123 902 3205 Hieronymi
923 3127 1091 3189 comment.
1113 3125 1146 3188 in
1167 3124 1261 3189 Mich.
1274 3125 1326 3190 VI.

229 3233 288 3299 col.
312 3235 372 3294 517
395 3231 444 3296 ed.
469 3230 550 3296 Vall.
573 3230 797 3312 intellegImus‚
820 3236 966 3296 servatus
986 3231 1074 3298 nobis
1096 3249 1159 3296 non
1177 3238 1234 3297 est.
1276 3233 1327 3297 In-

230 3337 377 3421 daganda
401 3338 501 3420 igitur
522 3338 613 3404 nobis
635 3339 856 3419 proposuimus
879 3357 962 3420 quac
977 3339 1154 3419 qualiaque
1178 3339 1263 3420 apud
1282 3341 1327 3404 in·
1450 3343 1453 3414 ὲ

231 3444 352 3510 ferioris
384 3444 501 3510 aetatis
533 3444 700 3524 scriptores
722 3449 756 3510 et
778 3445 914 3511 Graecos
944 3451 978 3511 et
1004 3445 1164 3514 Romanos
1195 3449 1328 3530 vestigia
1452 3473 1453 3478 ¹

230 3552 404 3635 reliquerit,
426 3552 472 3616 ita
488 3555 524 3616 ut
544 3569 750 3632 quaecunque
765 3552 804 3617 de
825 3553 892 3620 eius
908 3559 1025 3620 natura
1047 3572 1086 3619 ex
1102 3556 1327 3620 sententiarum

237 3677 407 3741 rerumque
427 3659 656 3726 imitationibus
677 3661 821 3726 concludi
842 3666 986 3742 possunt,
1014 3661 1045 3726 iu
1072 3681 1170 3727 unum
1199 3663 1329 3728 collecta
1450 3683 1451 3734 3

232 3768 459 3835 examinemus.
504 3767 573 3845 Qua
591 3768 623 3833 in
651 3769 853 3849 inquisitione
876 3787 946 3842 cam
972 3769 1127 3836 rationem
1162 3787 1329 3850 sequemur

233 3881 269 3941 ut
289 3895 330 3942 ex
352 3877 397 3942 eis
416 3875 604 3957 fragmentis
626 3895 708 3960 quae
730 3877 867 3944 auctoris
889 3881 1015 3946 nomine
1045 3877 1154 3944 addito
1181 3895 1326 3942 ararum

231 3983 396 4050 moralium
418 3985 624 4067 scriptoribus
647 3986 862 4066 praebeantur
884 3988 923 4052 dc
944 3987 1040 4052 totins
1069 3987 1249 4066 argumenti
1271 4005 1325 4080 na,-

234 4095 308 4156 tnra
340 4098 372 4157 et
407 4093 511 4159 indole
542 4093 686 4160 notitiam
719 4095 878 4174 quandam
912 4093 1010 4176 nacti,
1047 4095 1120 4160 dum
1153 4098 1328 4159 ceterorum
1450 4143 1452 4174 ,

234 4198 489 4283 philosophorum
516 4201 625 4267 eadem
648 4200 686 4266 de
708 4220 742 4266 rc
758 4200 876 4285 scripta
890 4201 1033 4282 legimus,
1057 4203 1132 4286 quid
1148 4204 1248 4284 possit
1259 4221 1326 4269 esso
