2910 4908
670 396 707 456 37

149 573 298 650 πένθους
318 573 409 652 libro,
434 571 568 638 Axiochi
602 576 721 651 auctor,
753 571 946 638 Plutarchus
969 575 1184 642 consolatione
1205 578 1246 641 ad

149 683 362 764 Apollonium,
396 679 512 746 Sextus
547 679 734 760 Empiricos,
769 681 875 746 Cicero
903 680 1097 762 Tusculanis,
1128 683 1247 751 Seneca

148 791 189 855 ed
211 789 375 870 Polybium
398 789 612 854 consolatione
635 786 700 872 (10.
725 787 786 872 11).
829 789 932 854 Huius
953 790 1079 870 quidem
1101 792 1160 857 loci
1184 811 1246 857 non

146 903 196 964 est
217 915 373 977 exponere
396 900 551 976 quantum
575 897 657 962 alius
676 902 787 962 auctor
809 897 862 962 elii
884 898 1007 978 debeat,
1030 904 1184 978 quantum
1200 901 1247 966 dc

150 1022 207 1070 suo
230 1004 390 1070 adiecerit.
431 1005 458 1068 li
481 1021 555 1069 vero
585 1003 685 1070 levius
707 1004 856 1069 iudicium
891 1005 1035 1071 tulerunt
1067 1009 1130 1087 qui,
1163 1009 1246 1088 quod

148 1111 339 1178 Plutarchus
382 1113 540 1193 permulta
573 1109 720 1177 Creatori
757 1110 858 1190 debet,
904 1111 1086 1179 Ciceronem
1121 1134 1246 1196 quoquc

150 1238 260 1284 earum
281 1238 386 1284 rerum
403 1219 552 1301 omnium,
576 1221 606 1284 in
629 1219 743 1301 quibus
765 1238 835 1284 cnm
848 1218 1020 1286 Plutarcho
1041 1225 1247 1307 conspiraret,

150 1327 302 1393 Crantore
326 1327 513 1393 Academico
537 1333 666 1393 auctore
690 1345 782 1394 usum
805 1345 874 1394 esse
895 1331 1083 1394 statuerent.
1106 1330 1245 1396 Deorum

148 1435 187 1499 de
224 1436 335 1502 mortis
370 1435 567 1518 praestantia
607 1437 669 1499 trie
704 1435 819 1501 iudicia
850 1436 1043 1503 Plutarchus
1076 1437 1248 1526 Ciceroque

147 1542 293 1609 afferunt.
337 1543 477 1621 Quorum
509 1543 540 1608 id
574 1544 657 1624 quod
680 1543 787 1625 Elysio
816 1546 926 1610 datum
948 1550 997 1611 est
1019 1566 1059 1612 ex
1082 1546 1246 1630 Crantoris

145 1653 225 1738 libro
246 1671 280 1718 se
301 1653 485 1735 cognovisse
509 1652 616 1719 Cicero
636 1651 806 1719 confitetur
827 1653 919 1719 Tusc.
939 1655 956 1719 Ι
980 1659 1048 1734 115,
1073 1657 1127 1722 sed
1141 1657 1188 1721 ita
1210 1660 1246 1722 ut

148 1768 252 1828 cetere
275 1761 401 1827 aliunde
427 1766 556 1842 sumpta
578 1779 647 1828 csse
665 1761 877 1828 certissimum
896 1763 946 1828 sit.
967 1765 1140 1845 Postquam
1162 1765 1244 1828 enim

150 1871 280 1950 quidet
305 1868 384 1934 luno
406 1869 524 1951 Argiva
556 1875 588 1935 et
609 1870 781 1952 Delphicus
806 1871 915 1952 Apollo
937 1872 1101 1950 senserint,
1136 1891 1244 1937 narra·

147 1979 201 2056 vit,
236 1975 382 2043 contiuuo
415 1979 544 2043 tertium
581 1979 758 2060 exemplum
791 1979 909 2045 inducit
935 1980 984 2046 his
1005 1979 1109 2046 verbis
1128 1979 1246 2046 ‘simile

150 2069 300 2166 quiddam
323 2090 371 2153 est
392 2086 424 2150 in
444 2085 667 2152 Consolatione
689 2085 876 2152 Crantoris'.
909 2087 953 2153 lis
974 2105 1048 2153 vero
1069 2105 1151 2167 quae
1170 2096 1245 2153 ante

147 2195 302 2274 exposuit,
333 2195 498 2276 praemisit
520 2194 626 2274 verba,
661 2211 742 2275 quae
763 2196 853 2262 nobis
873 2196 1061 2276 gravissima
1082 2197 1245 2262 videntur:

147 2298 306 2366 ‘Deorum
328 2300 556 2364 immortalium
586 2299 702 2366 iudicia
723 2301 826 2365 solent
853 2301 885 2365 in
908 2300 1024 2367 s'cholis
1044 2300 1185 2382 prolerre
1207 2303 1246 2367 de

150 2409 266 2474 mortc’
290 2414 348 2474 etc.
391 2406 478 2485 Quae
500 2426 571 2472 cum
593 2408 639 2474 ita
660 2408 732 2487 sint,
755 2427 830 2474 casu
853 2407 972 2475 factum
992 2427 1062 2476 esse
1081 2428 1173 2476 nemo
1196 2430 1247 2476 er·

149 2515 320 2582 bitrabitur
341 2516 424 2598 quod
458 2534 565 2582 eorum
587 2517 640 2600 qui
662 2519 741 2583 haec
776 2518 959 2584 tractabant
980 2519 1079 2602 Elysii
1102 2521 1245 2601 exemplo

150 2644 227 2692 usus
255 2629 304 2692 est
325 2644 425 2707 nemo,
457 2627 598 2692 narratio
620 2645 705 2707 vero,
742 2645 823 2706 quae
856 2629 895 2694 de
916 2627 1053 2708 Argivae
1075 2627 1246 2693 sacerdotis

149 2716 222 2798 filiis
255 2733 418 2800 ferebatur
451 2735 627 2800 sexcenties
664 2734 730 2801 lere
762 2736 898 2818 repetita
918 2740 976 2800 est.
1017 2735 1117 2801 Nemo
1149 2736 1248 2801 nescit

151 2840 309 2908 Ciceronis
339 2842 534 2924 temporibus
555 2843 685 2919 Romae,
718 2845 749 2907 in
773 2843 907 2908 Graecia
940 2861 1014 2909 vero
1045 2845 1137 2924 longe
1158 2845 1246 2927 prius

153 2953 256 3014 artem
278 2950 467 3016 rhetoricam
492 2952 599 3016 omnia
621 2970 703 3032 quae
725 2953 754 3015 in
771 2951 941 3033 disciplinis
961 2952 1095 3033 politicis
1116 2957 1148 3018 et
1169 2955 1247 3019 ethi·
1345 2950 1356 2969 ⁴

149 3058 191 3122 cis
214 3058 393 3139 excogitate
415 3064 514 3139 erant,
547 3059 594 3124 ita
615 3059 648 3124 in
670 3078 762 3126 suum
794 3077 886 3125 usum
915 3059 1107 3128 convertisse
1130 3067 1166 3126 ut
1181 3061 1248 3128 hee

149 3170 235 3232 artes
256 3167 447 3234 Rhetoricae
467 3175 592 3251 partem
615 3167 739 3236 efficere
761 3170 954 3235 viderentur.
985 3170 1021 3234 ln
1043 3170 1250 3254 problematis

149 3273 360 3340 aristotelicis
382 3277 478 3354 XXX,
503 3283 522 3340 9
546 3283 657 3343 auctor
684 3279 856 3344 docethoc
874 3279 1026 3344 interesse
1046 3279 1127 3344 inter
1149 3280 1250 3360 philo·

72 3453 76 3462 ,
148 3381 237 3461 sophi
271 3385 304 3445 et
332 3383 469 3448 rhetoris
499 3384 614 3464 studia,
649 3387 686 3448 ut
718 3387 773 3450 ille
807 3385 937 3451 definiat
969 3387 1044 3466 quid
1068 3387 1109 3452 sit
1132 3387 1247 3452 iniuria

148 3487 262 3566 quidve
294 3489 446 3571 tyrannia,
474 3489 526 3555 hic
547 3498 690 3572 exponat,
717 3511 784 3558 esse
815 3494 951 3575 aliquem
981 3493 1164 3559 iniuriosum
1197 3497 1248 3560 vel

148 3595 223 3676 quid
245 3596 288 3662 sit
310 3602 473 3677 tyrannus.
495 3599 634 3663 Maxime
655 3604 733 3680 puto
754 3619 811 3680 per
834 3601 940 3668 theses
958 3619 1041 3681 quae
1054 3603 1249 3668 vocabantur

148 3704 230 3770 hauc
252 3703 513 3786 philosophorum
548 3707 724 3772 doctrinam
756 3707 974 3782 inrhetorum
999 3709 1122 3776 scholas
1145 3714 1248 3776 traus-

148 3811 250 3877 letam
286 3831 364 3902 esse.
408 3813 451 3879 Et
472 3815 685 3895 Peripatetica
717 3821 887 3897 praecepte
922 3817 963 3882 ed
986 3817 1063 3882 talia
1085 3818 1248 3884 rhetorum

149 3903 283 3987 artificia
304 3925 487 3988 exornanda
518 3923 659 3989 adhiberi
682 3926 775 3991 solita
799 3944 869 3992 esse
891 3927 977 3991 Theo
1010 3925 1117 3992 rhetor
1154 3927 1248 4008 signi·

149 4027 231 4108 ficat,
254 4030 308 4111 qui
330 4037 530 4113 progymn2
561 4033 761 4098 Aristotelem
793 4039 826 4099 et
854 4034 1105 4117 Theophrastum
1136 4027 1247 4117 priuci-

148 4153 204 4216 pes
226 4134 364 4201 thesium
384 4142 530 4204 auctores
553 4139 704 4203 nominet.
735 4139 774 4204 cl.
796 4157 885 4222 prog.
910 4143 957 4219 12,
987 4139 1135 4223 Hermog.
1160 4160 1247 4225 prog.

1 4228 2 4235 '
62 4275 64 4280 ·
151 4246 200 4321 11,
222 4242 379 4324 Aphthon
403 4265 491 4328 prog.
516 4251 552 4310 13
576 4247 663 4313 elios.
691 4247 779 4312 Idem
803 4248 932 4314 Tacitus
958 4249 1075 4315 indicat
1096 4250 1170 4316 dial.
1194 4255 1242 4331 31,
