2910 4908
90 583 301 666 proverbium
321 583 412 666 'quasi
435 581 577 649 omnihus
601 581 800 648 notissimum
822 579 966 663 afferant,
989 578 1097 644 Cicero
1120 580 1196 660 ipsis

92 690 202 754 verbis
231 688 410 771 significare
441 689 576 765 videtur,
608 689 705 754 latino
735 705 880 754 sermone
906 685 1071 769 usquead
1103 705 1197 752 suum

92 801 225 878 tempus
246 815 338 862 usum
360 814 397 862 eo
419 795 517 862 fuisse
539 796 710 862 neminem:
739 795 758 878 ὅ
782 797 820 858 67
843 794 1036 874 ‘verumque
1055 794 1133 860 illud
1148 798 1197 859 est

96 903 185 983 quod
204 901 330 981 dicitur,
360 902 477 967 multos
505 902 627 967 modios
655 901 731 966 salis
762 900 854 966 simul
883 900 1019 967 edendos
1046 920 1127 985 esse,
1161 906 1198 966 ut
1261 961 1265 967 .

93 1011 261 1077 amicitiae
282 1028 397 1075 munus
420 1010 583 1092 expletum
603 1010 669 1075 sit'.
711 1008 803 1087 Quod
823 1027 864 1074 ex
886 1008 1094 1092 Theophrasti
1116 1008 1196 1074 libro

94 1117 283 1185 Ciceronem
305 1115 506 1184 transtulisse
523 1122 666 1199 apparet.

201 1227 272 1303 Qua
293 1245 328 1290 re
349 1242 422 1291 vero
445 1225 619 1291 amantium
639 1223 753 1290 iudicia
774 1222 949 1288 difficiliora
971 1222 1083 1288 fierent
1104 1224 1198 1291 Plato

96 1333 174 1412 Lag.
200 1331 279 1413 Vp.
301 1331 400 1409 731E
422 1330 609 1413 significavit
631 1331 734 1397 verbis
756 1329 940 1415 τυφλοῦται
961 1324 1019 1412 γὰρ
1052 1329 1131 1412 περὶ
1158 1324 1214 1426 τῦ,
1270 1351 1272 1354 ·

99 1432 304 1524 φιλούμενον
327 1435 344 1503 ὁ
368 1439 474 1525 φιλῦν
492 1443 525 1506 ct
546 1444 582 1504 ut
602 1439 799 1506 Platonicam
825 1437 905 1524 hano
927 1455 1033 1504 vocem
1056 1438 1198 1524 τυφλοῦ-

99 1569 156 1612 τοιι
182 1543 222 1612 τὸ
251 1547 368 1634 φιλοῦν
397 1546 476 1630 περί
509 1541 547 1612 τὸ
579 1541 778 1634 φιλούμενον
807 1543 999 1612 Plutarchus
1027 1545 1198 1612 identidem

99 1653 197 1722 affert
225 1655 264 1721 de
290 1657 341 1721 ad.
369 1661 402 1722 et
428 1675 490 1722 am.
518 1662 544 1737 1,
574 1656 613 1722 de
638 1674 706 1737 cap.
729 1673 768 1719 ex
790 1655 875 1720 inim.
898 1653 967 1719 util.
988 1657 1016 1719 7.
1042 1658 1091 1719 ll.
1135 1652 1198 1719 Sed

98 1780 159 1843 pro
183 1762 422 1844 Theophrastea
444 1780 514 1828 eam
536 1764 703 1829 venditant
731 1763 943 1844 Hieronymus
973 1767 1139 1828 comment.
1166 1763 1200 1828 in

102 1868 222 1935 Oseam
243 1870 290 1934 III
312 1870 373 1937 rol.
397 1870 448 1950 VI,
474 1874 534 1934 110
554 1869 636 1937 Vall.
658 1876 691 1937 ct
712 1854 790 1952 greir
821 1870 1026 1936 imitatorum.
1070 1869 1133 1936 Sed
1162 1873 1199 1956 up

102 1975 156 2043 hic
178 1993 267 2041 error
286 1976 471 2057 explicetur,
494 1975 626 2040 alterius
647 1977 765 2041 mentio
784 1973 928 2041 facienda
950 1980 1008 2042 est.
1046 1976 1198 2060 Hierony-

103 2086 275 2150 musenim
296 2074 558 2168 ‘pulchrumque’
581 2086 684 2165 inquit
696 2084 705 2107 ‘
715 2087 757 2151 sit
772 2085 851 2150 illud
865 2084 948 2166 quod
960 2085 1083 2151 Tullius
1097 2087 1199 2166 magis

103 2193 294 2262 adsensum
319 2193 477 2274 quemad
507 2193 638 2259 verbum
669 2193 896 2272 interpretatus
924 2196 982 2272 est,
1009 2186 1132 2278 τυφλὸν
1160 2186 1198 2256 τὸ

103 2300 224 2387 φιλοῦν
245 2295 382 2381 περὶτὰ
409 2293 616 2386 φιλοῦμενον,
646 2301 677 2366 id
711 2303 760 2365 est
795 2301 970 2366 amantium
1000 2318 1093 2366 caeca
1125 2305 1200 2365 sunt

103 2408 243 2474 indicia'.
287 2407 349 2475 Sed
370 2409 519 2475 Tulliana
541 2409 736 2491 pervolventi
759 2409 853 2474 huius
874 2410 958 2475 vocis
977 2408 1198 2490 interpretatio

103 2535 262 2598 nusquam
292 2521 446 2582 occurret.
489 2516 692 2583 Probandum
721 2517 819 2598 igitur
845 2515 970 2583 Aemilii
992 2515 1159 2582 Luebechii
1175 2517 1199 2599 ¹)

104 2625 255 2690 iudicium
276 2629 426 2705 putamus
448 2624 502 2704 qui
518 2626 632 2690 statuit
646 2625 873 2707 Hieronymum
887 2640 995 2690 vocem
1006 2622 1200 2689 Platonicam

103 2731 284 2799 contudisse
311 2750 381 2797 cum
411 2731 649 2814 Theophrastea
677 2725 758 2807 τοῦς
778 2721 968 2813 ἀλλοτρίους
987 2721 1027 2795 οῦ
1048 2723 1202 2816 φιλήσαν-

103 2862 164 2917 τας
184 2839 236 2903 δεῖ
256 2837 376 2921 κρίνειν
386 2833 468 2903 ἀλλὰ
485 2837 653 2919 κρίναντας
666 2838 777 2922 φιλεῖν
786 2839 812 2918 ²)
835 2844 876 2917 et,
892 2855 963 2903 cum
979 2837 1066 2902 illam
1082 2854 1199 2916 vocem,

108 2965 192 3029 qnae
206 2946 349 3012 Platonis
369 2951 426 3024 est,
442 2964 463 3010 a
477 2945 625 3012 Cicerone
640 2963 823 3026 expressam
840 2962 909 3011 esse
924 2944 1051 3023 diceret,
1075 2947 1148 3024 §85
1169 2945 1201 3010 in

105 3056 211 3122 animo
232 3039 380 3121 habuisse
402 3072 466 3135 qua
486 3052 696 3135 Theophrasti
720 3053 839 3119 dictum
862 3052 1047 3137 explicatur.

207 3163 327 3228 Maiore
350 3165 445 3227 etiam
463 3163 642 3228 temeritate
657 3181 677 3226 a
693 3161 833 3226 Waltero
850 3161 966 3243 Burley
980 3158 1201 3242 Theophrasto

106 3276 311 3356 praeceptum
341 3270 501 3352 tribuitur,
531 3275 642 3335 contra
656 3302 658 3305 ·
674 3270 759 3351 quod
792 3287 863 3334 enm
899 3269 1014 3334 acriter
1045 3285 1203 3349 pugnasse

75 3389 96 3412 *¹
108 3377 209 3441 multa
230 3375 344 3440 indicia
364 3379 520 3456 arguunt:
540 3373 602 3438 ‘ita
624 3375 743 3440 amicus
765 3380 832 3440 esto
849 3373 1043 3439 utinimicns
1058 3391 1202 3439 essenon

109 3482 244 3548 timeas'.
287 3483 429 3547 Primum
449 3480 519 3547 vide
543 3497 639 3560 quam
661 3499 764 3546 acrem
786 3480 881 3547 huius
903 3482 1063 3564 praecepti
1091 3481 1203 3546 adver-

108 3593 227 3658 sarium
249 3609 282 3656 sc
304 3595 446 3670 praestet
466 3589 654 3656 Aristoteles
675 3589 769 3653 Rhet.
789 3590 830 3668 ΙΙ,
856 3593 894 3652 13
925 3589 978 3654 uhi
1006 3606 1110 3654 mores
1137 3587 1203 3650 τῶν

109 3697 339 3782 πρεσβυτέρων
370 3698 425 3763 καί
458 3681 721 3782 πυρηκμυικῦτων
750 3697 914 3778 describit3
947 3701 1117 3779 postquam
1149 3713 1203 3761 eos

108 3801 296 3891 κακοήθεις,
318 3801 560 3890 καχυττὸτττους,
582 3799 742 3883 ἀπίστους
755 3806 889 3886 vocavit,
911 3793 986 3869 οῦτε
1003 3802 1136 3889 φιλοῦσι
1156 3802 1204 3865 in-

112 3961 310 3976 -a-——a

210 4053 235 4122 1)
252 4053 410 4123 Hieronym.
431 4069 500 4122 quoe
518 4052 628 4108 noverit
645 4052 797 4121 scriptores
815 4054 868 4111 eto.
887 4051 962 4120 Lips.
985 4050 1061 4103 1872.
1081 4067 1108 4118 p.
1128 4050 1172 4104 94.

210 4148 237 4217 2)
254 4149 361 4204 Fronto
389 4149 424 4203 ari
447 4148 483 4202 Μ.
508 4148 653 4203 Gaesarem
678 4147 903 4216 ep.11117pro
930 4143 1109 4214 Thucydideo
1132 4145 1204 4200 hano

110 4259 207 4297 vocem
225 4243 331 4298 habuit.
1021 4249 1025 4262 '
