2910 4908
644 390 682 450 15

72 553 75 559 ’
97 590 176 640 men
198 592 266 640 non
287 573 328 640 ab
349 593 458 639 earum
480 592 537 656 spe
557 592 670 640 causas
701 572 851 656 diligendi
883 570 1035 654 proficisci
1070 588 1205 653 cumque

19 669 40 682 ”
98 699 208 762 usque
238 684 279 749 ad
300 681 393 750 finem
415 682 509 747 huius
541 681 765 764 disputationis
787 681 822 762 (ξ
844 684 883 744 32
905 682 1000 762 extr.)
1033 681 1125 746 unius
1145 682 1206 746 uti-

40 821 42 826 ·
98 790 206 856 litatis
222 837 224 840 -
240 792 394 858 rationem
428 791 547 858 habere
579 791 733 869 videatur,
768 789 872 855 subito
901 790 1009 855 incidit
1029 790 1205 872 voluptatis

99 901 227 965 mentio
260 904 297 966 ut
318 900 377 965 hac
396 917 454 982 pro
474 899 530 964 illa
550 902 662 964 utatur
676 897 710 980 ¹).
757 897 846 975 Quae
869 916 940 963 cum
963 899 1009 964 ita
1030 899 1101 978 sint,
1126 899 1203 966 haec

99 1008 176 1073 sola
199 1007 379 1090 explicandi
412 1008 494 1072 ratio
524 1007 667 1073 adhiberi
704 1010 822 1088 potest,
858 1025 929 1072 cum
950 1007 1203 1089 Theophrastum

96 1116 167 1182 tria
198 1117 356 1183 amicitiae
389 1135 506 1200 genera
536 1115 736 1182 constituisse
766 1120 896 1195 constet,
935 1116 979 1182 M.
999 1116 1138 1182 Tullium
1159 1115 1204 1180 di-

100 1226 257 1290 scrimina
288 1225 445 1307 quaedam
482 1225 567 1293 facta
601 1243 670 1292 esse
691 1224 845 1290 memoria
867 1225 1016 1304 tenuisse,
1040 1223 1206 1291 severioris

99 1351 181 1398 vero
203 1333 337 1400 rationis
359 1339 416 1400 aut
435 1334 568 1401 oblitum
590 1353 662 1401 esse
686 1338 744 1400 aut
765 1332 965 1400 subtiliorum
987 1331 1205 1399 definitionum
1264 1332 1267 1341 “

99 1441 248 1508 medium
268 1441 419 1510 habuisse
431 1443 467 1525 ²).

206 1551 323 1619 Veram
354 1552 526 1618 amicitiam
558 1550 683 1631 qualem
707 1550 946 1632 Theophrastus
965 1547 1144 1616 definiverit
1165 1568 1204 1616 ex

100 1659 293 1743 fragmentis
315 1679 378 1726 non
400 1664 546 1743 apparet3
579 1663 721 1725 attamen
743 1657 884 1725 dubitari
905 1657 1025 1738 nequit,
1048 1658 1124 1740 quin
1145 1660 1205 1724 hac

101 1787 232 1851 quoque
260 1770 293 1834 in
324 1786 359 1833 re
391 1787 463 1834 curn
484 1767 654 1834 Aristotele
684 1768 919 1849 conspiraverit.
963 1765 1134 1833 Praeterea
1155 1769 1204 1832 tot

23 1909 26 1915 ·
100 1878 183 1945 loeis
206 1877 344 1944 Tulliani
374 1877 472 1944 libelli
494 1877 651 1944 Graecum
679 1877 844 1958 exemplar
867 1894 1052 1959 expressum
1073 1879 1132 1956 est,
1167 1879 1204 1940 ut

102 1987 144 2052 de
176 1985 366 2054 definitionis
399 1990 524 2066 natura,
560 1986 662 2068 qualis
693 1986 778 2069 apud
810 1985 1065 2067 Theophrastum
1098 1984 1202 2064 luerit,

101 2095 245 2161 iudicare
266 2095 432 2175 possimus.
455 2097 485 2174 §-
504 2098 542 2158 15
563 2095 606 2158 ‘in
628 2112 690 2174 quo
713 2100 761 2161 est
783 2095 884 2160 omnis
906 2096 953 2159 vis
972 2094 1129 2161 amicitiae
1149 2111 1203 2159 vo·

101 2201 265 2268 luntatum
286 2203 464 2268 studiorum
487 2202 716 2269 sententiarum
739 2220 863 2268 summa
886 2203 1063 2269 consensio?
1091 2200 1130 2268 cf.
1152 2204 1202 2266 27.

106 2314 157 2375 20.
181 2314 230 2376 50.
255 2313 305 2375 74.
329 2309 521 2377 Plutarchus
542 2327 645 2390 quom.
674 2309 725 2376 ad.
748 2308 788 2375 ab
811 2328 872 2376 am.
895 2310 1008 2376 intern.
1032 2315 1049 2375 5
1071 2309 1145 2376 ἐπεὶ
1167 2310 1203 2376 δὲ
1271 2369 1274 2374 Α

104 2412 145 2483 τὸ
173 2411 314 2500 μάλιστα
349 2415 461 2502 φιλίας
499 2408 603 2500 ἀρχὴν
638 2414 772 2496 συνέχον
794 2409 950 2501 ὁμοιότης
977 2415 1063 2482 ἐστὶν
1091 2415 1201 2504 ἐπιτη-

103 2520 278 2612 δευμάτων
310 2524 365 2590 καὶ
386 2517 484 2610 ἠθῶν
513 2523 568 2590 καὶ
602 2513 689 2603 ὅλως
720 2523 759 2590 cd
780 2524 903 2608 χαίρειν
922 2528 994 2603 τοῖς
1014 2518 1128 2605 αὐτοῖς
1148 2529 1202 2594 καὶ

102 2627 143 2698 τὸ
164 2625 263 2699 ταύτό
287 2628 419 2721 φεύγειν
439 2632 544 2715 κιῌ)
589 2633 651 2700 Sed
679 2653 749 2700 cum
785 2635 852 2700 aius
875 2634 1064 2701 definitionis
1084 2642 1202 2703 natura

102 2743 178 2809 talis
201 2745 251 2823 sit,
274 2748 347 2809 uta
369 2744 510 2824 quolibet
531 2742 672 2823 potuerit
688 2742 843 2824 proficisci
857 2741 1051 2810 —conferas
1073 2747 1201 2809 tantum

104 2851 334 2918 Sallustianum
367 2850 446 2917 illud
476 2847 578 2917 ‘idem
599 2849 694 2915 velle'
708 2851 735 2934 ⁴)
766 2854 824 2915 etc.
851 2887 888 2896 -
916 2851 1201 2932 Peripateticorum

104 2960 206 3042 magia
238 2959 414 3027 doctrinam
447 2959 570 3025 redolet
604 2958 688 3038 quod
714 2958 840 3038 scripsit
860 2957 967 3026 Cicero
989 2961 1010 3040 ἓ
1031 2961 1091 3027 82:
1119 2959 1202 3024 ‘Par

204 3207 230 3277 1)
246 3206 310 3264 Non
327 3209 419 3264 minus
438 3210 537 3265 obtuse
554 3209 662 3264 Tullius
681 3210 716 3264 de
734 3209 782 3266 fin.
805 3209 831 3262 11
850 3210 885 3264 82
904 3208 1020 3279 Epicuri
1047 3211 1200 3280 praecepta

102 3302 308 3372 reprehendens
326 3306 477 3362 utilitatem
502 3311 530 3361 et
555 3309 729 3377 voluptatem
747 3305 883 3362 confudit.
920 3306 958 3360 At
976 3305 1016 3360 ΙΙΙ
1034 3305 1070 3361 70
1088 3309 1200 3362 strenue

102 3402 201 3453 contra
219 3399 328 3455 Stoicos
344 3403 392 3469 qui
405 3401 556 3456 amicitiam
572 3402 705 3458 utilitatis
721 3419 805 3458 causa
830 3401 1014 3458 adhibendam
1042 3401 1200 3472 censebant,

103 3492 265 3562 disputavit.

203 3589 232 3658 2)
252 3587 394 3644 Ciceronis
408 3590 490 3646 ‘vera
507 3596 536 3648 et
550 3593 674 3662 perfecta
686 3589 818 3674 amicitia’
841 3596 885 3648 est
900 3591 1063 3647 Aristotelia
1081 3589 1197 3661 ἀληθινὴ

103 3685 148 3736 καὶ
167 3686 254 3738 τελεία
272 3688 359 3757 φιλία.

203 3781 230 3850 3)
249 3781 284 3838 ef.
309 3783 358 3837 Ar.
376 3782 440 3837 ath.
457 3784 517 3840 Nic.
535 3784 582 3856 IX,
600 3787 618 3840 4
637 3787 664 3839 οἱ
688 3785 721 3840 δὲ
739 3784 870 3854 [τιθέασι]
888 3782 938 3839 τὸν
947 3780 1129 3854 συνδιάγονῐα
1151 3786 1197 3838 καὶ

103 3873 185 3930 ταύτὰ
204 3872 377 3950 αἱρούμενον,
396 3872 413 3947 ἢ
431 3877 482 3935 τὸν
499 3882 684 3951 συναλγοῦντα
702 3884 748 3936 καὶ
760 3886 945 3952 συγχαίροντα
959 3880 997 3950 τῷ
1009 3883 1089 3952 φίλῳ.
1114 3878 1197 3935 stet.

104 3969 139 4040 ΙΙ,
158 3973 184 4028 4.
204 3963 350 4028 Praeterea
368 3971 495 4044 Xenoph.
517 3975 629 4030 Conviv.
647 3978 673 4043 8,
694 3976 733 4030 18.

207 4068 237 4138 t)
255 4087 280 4125 v.
300 4069 426 4126 ciceron.
454 4086 494 4125 or.
521 4087 573 4139 pro
596 4070 710 4126 Plancio
733 4073 759 4125 ὅ.
799 4072 887 4140 Quam
909 4071 1030 4142 volgaris
1053 4071 1120 4127 haec
1141 4089 1196 4128 vox

103 4161 178 4232 apud
203 4165 355 4235 scriptores
378 4167 580 4222 ecclesiasticos
607 4166 700 4238 luerit,
722 4167 844 4224 Alardns
864 4168 986 4223 Gazaeua
1004 4166 1140 4223 indicarit
1155 4169 1191 4222 ad

103 4257 198 4316 Ioann.
217 4260 339 4317 Cassiam
357 4263 454 4321 collat.
473 4264 538 4322 XVI
556 4263 662 4336 (hligne
679 4265 716 4320 IL
734 4284 761 4335 p.
782 4268 873 4335 1013).
