2910 4908
763 338 804 399 24

233 519 329 605 ἔρως,
350 512 515 608 ἀτρεπτον
538 513 699 606 φρόνημα,
724 520 783 585 οδκ
807 519 842 585 ἐκ
864 518 975 605 φιλίας
988 510 1109 607 ἀρετήν
1126 515 1245 600 κρῖνον,
1266 515 1338 584 ἀλλ’

232 629 269 711 ἐξ
287 630 407 714 ἀρετῆς
428 624 468 693 τά
489 631 550 713 τῆς
572 626 682 715 φιλίας
700 621 949 710 αταδμαίμενον.

332 735 440 802 Cicero
455 739 626 819 postquam
641 736 724 802 hanc
738 736 930 801 sententiam
944 733 1096 812 exhihuit,
1117 734 1226 800 statim
1244 735 1346 802 addit

232 850 249 930 ς
271 847 326 908 43:
345 843 412 910 ‘est
433 844 531 926 igitur
552 845 718 925 prudentis
740 843 896 908 sustinere
918 848 954 907 ut
977 860 1104 907 currum
1121 842 1166 908 sic
1179 843 1346 925 impetum

234 951 486 1018 benevolentiae:
509 969 571 1032 quo
594 955 723 1018 utamur
743 951 835 1031 quasi
856 950 945 1030 equis
966 951 1110 1033 tentatis,
1131 942 1176 1016 sic
1194 951 1348 1017 amicitia

234 1060 341 1142 aliqua
360 1062 453 1142 perte
473 1060 661 1142 periclitatis
683 1059 823 1125 moribus
854 1058 1045 1124 amicorum?
1091 1057 1180 1136 Quae
1209 1060 1263 1140 qui
1293 1060 1348 1126 lc-

234 1169 318 1250 gerit
339 1168 532 1250 Theognidei
553 1185 663 1234 versus
684 1185 804 1234 memor
830 1171 888 1232 125

435 1269 482 1342 od
503 1273 561 1361 γὰρ
583 1269 622 1339 ἀν
644 1272 762 1362 εἰδείης
781 1267 899 1361 ἀνδρὸς
919 1269 995 1340 νόον
1018 1273 1093 1339 οὐδὲ
1116 1268 1273 1358 γυναικός,

434 1383 513 1467 πρὶν
535 1383 732 1468 πειραθείης
755 1377 869 1466 ὥσπερ
891 1378 1068 1464 ὑποζυγίου

235 1494 403 1573 animoque
432 1493 635 1575 perpenderit
670 1492 729 1560 hos
766 1493 854 1576 ipsos
883 1510 993 1558 versus
1026 1490 1146 1558 Ethicis
1173 1492 1345 1558 Eudemiis

235 1600 363 1666 laudari
384 1600 453 1681 VII,
476 1604 494 1664 2
515 1619 545 1682 p.
570 1598 666 1664 1237b
689 1604 737 1678 15,
761 1598 942 1665 Ciceronem
962 1599 1039 1665 iilud
1055 1619 1095 1664 ex
1111 1599 1343 1680 Theophrasto

236 1709 342 1792 potius
371 1725 468 1788 quam
501 1726 539 1774 ex
571 1709 670 1791 ipsius
703 1708 894 1789 Theognidis
921 1706 1030 1789 elegiis
1059 1707 1250 1789 excerpsisse
1277 1707 1343 1772 sihi

237 1815 439 1897 persuadebit
451 1815 489 1898 ¹).

337 1923 385 1991 Nc
406 1925 500 1991 nimis
523 1924 584 1990 cito
606 1927 732 1989 ametur
747 1922 963 1989 incohaturus
979 1921 1165 1988 Aristoteles
1179 1923 1243 1987 iem
1262 1940 1339 2004 pro-

237 2032 345 2098 verbio
368 2051 445 2098 rusus
466 2036 516 2099 cst
530 2030 602 2097 Eth.
618 2031 687 2096 Nic.
709 2030 792 2109 Vlli,
816 2028 838 2090 4
856 2049 887 2112 p.
911 2027 1008 2094 1156b
1033 2031 1072 2092 26
1096 2019 1155 2093 οίκ
1180 2025 1268 2094 ἔστιν
1289 2026 1338 2094 εί-

239 2139 335 2223 δῆσαι
363 2134 520 2224 ἀλλήλους
548 2139 627 2222 πρίν
659 2134 740 2216 τοδς
768 2137 960 2222 λεγομένους
992 2133 1072 2214 ἅλας
1101 2137 1335 2202 ουναναλυῖσαι.

238 2247 401 2328 Repetivit
422 2249 584 2314 Eudemus
606 2246 678 2330 VII,
700 2250 719 2310 2
741 2265 770 2328 p.
796 2249 892 2310 1238*
919 2251 937 2311 2
960 2241 1007 2322 είς
1029 2242 1208 2327 παροιμίαν
1223 2238 1336 2328 ἀλήλο-

239 2359 302 2419 θεν
324 2349 342 2418 ὁ
363 2352 517 2436 μέδιμνος
538 2357 604 2418 τῶν
624 2349 721 2417 ἁλῶν.
759 2354 1013 2435 Theophrastum
1038 2371 1163 2436 quoque
1184 2352 1243 2418 hoe
1262 2372 1335 2434 pro-

241 2462 347 2528 verbio
369 2479 460 2527 usum
482 2460 578 2526 fuisse
590 2460 749 2526 Ciceronis
771 2478 841 2525 cum
859 2461 1030 2527 Plutarcho
1049 2478 1221 2527 consensus
1237 2461 1335 2526 docet.

240 2570 319 2636 Vide
350 2586 413 2649 qua
441 2569 564 2634 ratione
591 2566 780 2632 Plutarchus
808 2567 866 2632 hoc
897 2567 1014 2633 dictum
1044 2569 1172 2635 inducat
1194 2569 1234 2634 de
1263 2567 1335 2635 fret.

239 2696 300 2743 am.
323 2683 342 2742 8
361 2671 442 2753 τοδς
462 2673 522 2757 μὲν
542 2670 601 2760 γὰρ
622 2673 822 2758 ἀλλοτρίους,
846 2668 893 2752 οῖς
926 2669 1014 2758 ἔλεγε
1046 2669 1269 2765 Θεόφραστος,
1296 2668 1333 2740 οδ

239 2784 398 2872 φιλοῦντα
420 2784 471 2850 δεῖ
491 2783 610 2866 κρίνειν
632 2777 715 2848 ἀλλά
730 2782 880 2866 κρίναντα
895 2782 1020 2868 φιλεῖν·
1043 2776 1130 2848 ὅπου
1146 2781 1182 2848 δὲ
1203 2777 1333 2870 ἡφύσις

240 2889 414 2978 ἡγεμονίαν
440 2895 480 2979 τῇ
509 2891 614 2974 κρίσει
642 2886 729 2974 πρὸς
759 2880 886 2956 advocas
913 2881 956 2955 oo'
987 2889 1129 2969 δίδωσιν,
1161 2881 1236 2956 odda?
1260 2891 1336 2957 ἀνα-

116 3087 123 3094 ·
239 2999 329 3081 μένει
349 2994 407 3065 τδν
428 2999 656 3080 θρυλούμενον
676 3000 743 3062 ταῖν
764 2997 851 3061 ἁλῶν
871 2997 1034 3080 μέδιμνον,
1065 2989 1145 3062 ἀλλά
1174 2998 1335 3083 συγγεγὲν-
1407 3001 1409 3054 ί

240 3130 314 3191 νηκε
338 3101 395 3191 τὴν
417 3097 519 3190 ἀρχὴν
539 3107 600 3189 τῆς
622 3103 743 3190 φιλίας,
765 3102 909 3168 ἐνταῦθα
932 3104 984 3168 δεῖ
1014 3099 1058 3190 μὴ
1088 3100 1226 3188 πικροδς
1256 3097 1337 3170 εἶναι
1409 3072 1410 3121 ί

240 3212 321 3298 μηδὲ
340 3208 485 3297 ἀκριβεῖς
505 3216 571 3278 τῶν
598 3205 840 3296 ἀμαρτημάτων
870 3208 1051 3292 ἐξεταστάς,
1083 3220 1120 3279 ut
1150 3214 1264 3282 dubins
1293 3215 1336 3280 sis

241 3339 336 3402 quem
358 3324 399 3389 ad
420 3321 515 3389 finem
531 3321 740 3402 Theophrasti
758 3321 893 3402 vestigia
915 3327 1110 3405 premantur.
1149 3322 1238 3387 Alter
1251 3323 1337 3386 locus

243 3434 290 3495 est
309 3429 528 3512 Plutarcheus,
550 3430 603 3495 ubi
625 3429 835 3512 Theophrasti
867 3431 985 3496 mentio
1018 3432 1106 3497 nulla
1138 3430 1175 3496 fit
1207 3429 1245 3495 de
1274 3448 1335 3496 am.

243 3538 331 3602 mult.
355 3542 390 3618 33
411 3536 566 3619 praecipit
590 3537 672 3604 enim
694 3539 837 3621 scriptor,
859 3539 902 3604 sit
925 3543 1053 3621 praeter
1069 3539 1208 3619 reliquos
1223 3537 1339 3603 amicos

242 3664 324 3712 unus
342 3640 400 3708 τὸν
418 3637 645 3727 θρυλούμενον
678 3630 802 3710 ἐκεῖνον
833 3638 939 3730 χρόνῳ
972 3647 1038 3710 τῶν
1071 3640 1159 3710 ἀλυῖν
1186 3668 1339 3730 συγκατε-

242 3747 388 3838 δηδοκδς
411 3750 567 3836 μέδιμνον
594 3751 661 3818 κτλ.
704 3753 809 3832 Atque
837 3771 907 3819 cum
936 3755 1107 3837 scriptores
1135 3753 1249 3820 Graeci
1278 3753 1337 3818 hoc

343 3995 369 4064 1)
388 3994 422 4050 ef.
442 3995 603 4050 Ciceronem
619 3995 642 4065 ξ.
665 3995 698 4082 1,8
718 3993 807 4062 ‘Quin
825 3995 887 4064 ipso
905 4011 977 4064 equo
994 3996 1073 4049 cuiue
1092 3993 1173 4048 modo
1191 3993 1245 4048 feei
1263 4011 1337 4048 men·

242 4089 356 4156 tionem,
377 4089 400 4142 si
420 4089 498 4144 nulla
515 4107 561 4144 res
579 4089 723 4159 impediat,
741 4106 822 4144 nemo
842 4094 885 4144 cst
898 4090 966 4157 quin
980 4107 1013 4144 eo
1026 4089 1234 4157 quo-consuerit
1251 4088 1336 4145 liben-

241 4183 298 4236 tius
317 4186 412 4236 utetur
431 4201 513 4251 quam
530 4184 681 4238 intractato
704 4188 733 4238 et
748 4180 842 4238 n0v0.’
1110 4181 1115 4188 ’
