2910 4908
103 607 216 692 ἕτερον
238 603 343 694 εῖπης,
357 597 441 673 Ιοῖον
464 601 510 682 είς
532 595 782 688 ἀπραγμοσύνην
803 602 856 667 καὶ
876 597 1009 690 ἡσυχίαν
1039 605 1199 686 μεταβαλ-

102 712 249 799 λόμενος,
264 715 290 798 ¹)
311 709 433 778 ιπάλαι
446 736 481 798 χε
506 704 621 796 ἐχρῆνῖ
644 710 726 798 φησί
744 705 921 794 ςθορύβων
934 711 1015 798 ἡμᾶς
1036 705 1200 799 ἀπηλλάχ-

103 829 166 889 θαι
187 824 241 888 καῖ
254 813 422 910 φθόνων.’
445 815 484 885 δν
504 819 540 884 δέ
554 814 653 884 πάλιν
670 813 777 901 ὁρμάν
795 818 894 906 δοκῇς
914 819 971 885 ἐπὶ
984 816 1022 886 τδ
1045 817 1199 906 πράττειν

102 932 157 996 καὶ
180 931 290 1016 λέγειν,
316 923 532 1017 ὑπεφώνησεν
552 919 644 1009 ίόίξια
666 931 791 993 σαυτοῦ
812 932 961 1015 φρονεῖς·
983 924 1002 1014 ἡ
1025 929 1053 994 δ’
1076 922 1200 1015 ἀπραγ-

103 1036 227 1126 μοσύνη
250 1035 346 1125 χλοκὺ
369 1039 437 1122 μέν,
461 1030 529 1102 ἀλλ’
551 1027 670 1118 δίδαξον
690 1037 744 1102 καὶ
765 1029 946 1104 ταπεινόν.’

201 1150 279 1215 Ibid.
304 1167 328 1214 ε.
352 1152 391 1212 10
412 1142 430 1212 δ
453 1146 490 1212 δέ
501 1142 602 1228 κόλαξ
621 1138 673 1211 ἀεὶ
694 1142 905 1233 μνημονεύων
918 1151 981 1214 τοῦ
1003 1145 1043 1213 τά
1064 1143 1200 1234 δεύτερα

104 1256 208 1340 λέγειν
228 1251 359 1342 ὑφίεται
384 1256 424 1342 τῇ
447 1248 616 1341 ὁμοιότητι
649 1257 709 1340 τῆς
741 1250 901 1340 ἰσότητος,
929 1251 1090 1344 ἡττᾶσθαι
1118 1271 1200 1323 παν-

103 1365 203 1446 ταχοῖ
230 1363 284 1428 καὶ
306 1353 553 1428 ἀπολείπεσθαι
585 1359 676 1447 πλήν
704 1363 772 1426 τῶν
801 1359 935 1450 φαύλων
969 1361 1146 1450 ὁμολογῶν.
1167 1365 1201 1431 ἐν

104 1473 140 1538 δὲ
171 1475 243 1550 τοῖς
265 1465 403 1559 φαύλοις
430 1462 469 1536 ού
491 1469 628 1555 παρίησι
649 1466 687 1536 τδ
711 1475 886 1555 πρωτεῖον,
918 1464 999 1536 ἀλλά
1019 1494 1126 1560 φησιν,
1161 1467 1201 1537 δν

104 1567 267 1667 ἐκεῖνοςῇ
290 1574 455 1659 δύσκολος,
490 1573 589 1644 αὑτόν
621 1570 704 1643 εἶναι
733 1573 978 1663 μελαγχολικόν·
1014 1575 1056 1646 δν
1077 1581 1199 1659 ἐκεῖνος

104 1688 323 1770 δεισιδαίμων,
358 1682 456 1752 αὑτόν
487 1681 715 1774 θεοφόρητον·
752 1688 828 1771 ἐρῶν
858 1688 991 1774 ἐκεῖνον,
1024 1689 1201 1773 μαίνεσθαι

104 1797 132 1860 δ’
158 1789 265 1861 αὑτόν.
297 1785 470 1877 (ἀκαίρως
491 1793 591 1880 φησίν
619 1789 754 1879 ίἐχέλας,
778 1793 840 1880 ἐχῶ
863 1797 891 1862 δ’
916 1796 1113 1884 ἐξέθνησκον
1133 1794 1200 1864 ὑπδ

6 1907 11 1916 “
104 1905 167 1968 τοῦ
188 1893 362 1987 χέλωτος”
391 1893 460 1966 ἀλλ’
483 1901 517 1966 ἐν
538 1924 572 1986 χε
592 1906 664 1980 τοῖς
695 1908 848 1989 χρηστοῖς
875 1898 1071 1972 τούναντίον.
1104 1898 1202 1984 αὑτός

105 2032 190 2096 φησι
210 2009 333 2090 ταχέως
359 2008 490 2092 τρύχειν,
519 2009 686 2074 ἵπτασθαι
712 2010 740 2075 δ’
762 2010 901 2077 ἐκεῖνον·
926 2005 1024 2090 αύτδς
1044 2008 1202 2078 ἱππεύειν

105 2119 267 2200 ἐπιεικῶς,
291 2111 393 2184 (ἀλλά
415 2119 448 2184 τί
466 2115 552 2202 πρδς
567 2114 625 2185 τόν
639 2113 902 2205 ἱπποκένταυρον
922 2124 1056 2202 τούτους
1078 2117 1202 2210 εὐφυής

106 2223 173 2309 είμι
194 2223 334 2312 ποιητὴς
354 2227 407 2292 καὶ
429 2226 540 2308 στίχον
562 2219 600 2292 ού
624 2219 827 2314 φαυλότατον
847 2222 973 2316 χράφω,

313 2331 469 2418 ιβροντῶν
492 2335 519 2399 δ’
545 2326 603 2400 ούκ
625 2329 704 2418 ἐμόν
725 2327 806 2400 ἀλλά
826 2328 991 2421 Διός.”ῖ)

206 2443 377 2510 Praeterea
401 2463 425 2510 c.
443 2448 480 2508 13
504 2444 547 2527 (p.
564 2445 643 2508 57ss
666 2443 727 2528 O.);
750 2449 819 2510 tum
842 2464 868 2511 ο.
882 2450 919 2509 15
943 2440 975 2510 οῖ
987 2440 1123 2525 κόλακες
1136 2443 1201 2512 άπ-

106 2574 218 2616 τονται
232 2545 372 2635 μάλιστα
393 2554 465 2629 τοῖς
480 2551 635 2631 ἐπαίνοις,
659 2547 738 2618 όταν
749 2551 894 2644 ἐπαινεῖν
904 2550 950 2640 μή
973 2555 1113 2622 δοκῶσιν
1133 2549 1201 2621 ἀλλ’

76 2693 78 2700 ·
104 2654 219 2743 ἐτερόν
238 2684 271 2724 τι
291 2654 456 2743 πράττειν.
479 2654 498 2725 δ
519 2655 578 2744 γάρ
608 2657 704 2742 ἐδρας
725 2654 822 2725 εῖκων
851 2661 906 2726 καὶ
929 2662 1054 2740 κλισίας
1073 2659 1200 2729 ἐπιόντι

6 2761 7 2764 “
33 2765 37 2770 ’
103 2769 158 2833 καί
191 2768 292 2851 λόγων
321 2767 406 2850 πρός
435 2757 538 2852 δῆμον
571 2761 595 2852 ἢ
624 2763 744 2853 βουλὴν
778 2762 817 2831 δν
842 2765 1000 2853 αἰσθηταί
1033 2794 1105 2836 τινα
1134 2773 1202 2836 τῶν

104 2875 273 2942 πλουσίων
294 2869 494 2957 βουλόμενον
516 2871 632 2953 εἰπεῖν,
655 2866 863 2940 ἀποσιωπῶν
884 2872 1007 2958 μεταξύ
1023 2878 1075 2943 καὶ
1095 2901 1201 2962 παρα-

103 2980 219 3061 διδούς
238 2979 277 3049 τό
298 2984 386 3068 βῆμα
407 2982 461 3048 καί
493 2978 551 3048 τδν
570 2976 667 3066 λόχον
691 2981 886 3048 ἐνδείκνυται
917 2987 1055 3049 σιωπῶν
1079 2987 1202 3070 μᾶλλον

103 3095 165 3159 τού
185 3093 332 3175 βοῶντος
355 3083 407 3157 ότι
425 3089 593 3174 κρείττονα
616 3090 739 3173 νομίζει
761 3089 814 3156 καὶ
836 3091 1032 3179 διαφέροντα
1049 3096 1098 3180 τηῖ
1118 3119 1202 3182 φρο-

104 3204 172 3266 νεῖν
194 3199 326 3266 ἐκεῖνον.
349 3194 435 3265 ὅθεν
455 3193 539 3282 όροῖν
562 3194 650 3264 ἐστιν
675 3191 795 3275 αὑτούς
814 3197 909 3283 ἕδρας
929 3223 965 3264 τε
987 3196 1045 3278 τοῖς
1067 3197 1202 3298 πρῶτας

6 3371 8 3376 .
104 3308 138 3374 ἐν
160 3299 335 3390 ἀκροάσεσι
349 3307 403 3371 καῖ
417 3301 574 3390 θεάτροις
588 3301 900 3390 καταλαμβάνοντας,
924 3297 982 3389 οὑχ
1004 3303 1203 3375 ὅτιτούτων

533 3409 549 3433 (ί

103 3407 249 3496 ἀξιοῦσιν
269 3409 397 3492 αὑτούς,
430 3407 498 3478 ἀλλ’
530 3438 624 3492 οπως
651 3410 902 3498 ὑπεξιστάμενοι
932 3419 1003 3493 τοῖς
1029 3417 1202 3496 πλουσίοις

104 3521 319 3590 κολακέυωσι·
347 3521 401 3586 καί
421 3515 519 3605 λόγου
538 3515 755 3605 κατάρχοντας
783 3523 817 3588 ἐν
849 3519 998 3603 συνόδοις
1028 3525 1082 3591 καὶ
1110 3548 1203 3592 συνε-

103 3631 217 3716 δρίοις,
240 3619 311 3694 εἶτα
333 3631 611 3712 παραχωροῦντας
636 3624 681 3706 ῶς
702 3631 866 3713 κρείττοσι
880 3632 934 3696 καὶ
955 3633 1199 3716 μεταθεμένους

6 3723 8 3728 ’
108 3739 210 3827 ῥᾷστα
245 3733 331 3820 πρδς
361 3729 557 3816 τούναντίον,
594 3728 698 3822 άνπερ
729 3725 750 3826 ᾗ
782 3735 917 3817 δυνατός
945 3733 966 3828 ἢ
990 3738 1150 3820 πλούσιος
1178 3737 1202 3827 ἢ

206 3979 232 4050 l)
250 3973 489 4051 μεταβαλλόμενος
507 3979 607 4048 seripsi
626 3996 679 4049 pro
696 3975 927 4053 μεταβολόμενος.

209 4075 238 4142 2)
258 4073 389 4142 sirecte,
412 4077 443 4127 ut
466 4073 558 4128 faeere
582 4073 721 4143 videntur,
746 4075 913 4131 Callimacho
932 4075 1005 4130 huno
1023 4091 1132 4131 vernum
1150 4077 1202 4132 tri·

146 4185 191 4223 εεε
208 4167 263 4222 viri
275 4167 350 4224 docti
363 4168 400 4236 (v.
419 4169 451 4224 0.
467 4169 619 4224 Schneider
637 4169 794 4227 Callimaoh.
817 4171 843 4223 II
861 4189 888 4240 p.
901 4173 965 4238 647)
976 4173 1101 4226 extrema
1113 4174 1199 4229 verba

130 4261 290 4334 heophrasti
309 4280 369 4318 esse
387 4267 537 4334 nequeunt,
