2910 4908
753 483 791 544 12

225 666 276 730 chi
297 665 396 745 libris,
416 666 469 746 qui
491 667 670 746 supersunt,
706 663 826 730 frustra
853 665 980 744 quaeris
1002 681 1095 746 quem
1114 664 1221 730 Iocum
1245 661 1334 728 iudi-

224 773 345 840 caverit
376 777 487 840 auctor
519 777 552 838 et
587 777 711 840 constet
741 772 895 838 librorum
929 773 1030 854 primo
1052 771 1233 837 πολιτικῶν
1258 777 1332 835 crde

224 875 310 964 πρὸς
330 876 411 958 τούς
433 876 565 964 καιροὺς
580 881 835 962 Theophrastum
855 880 916 946 hac
937 881 976 947 de
998 898 1033 945 re
1053 880 1155 961 egisse
1178 879 1332 963 (v.'Har-
1444 955 1446 966 .

224 993 341 1070 pocrat.
362 1009 391 1054 v.
415 987 607 1068 ἐπίσκοπος,
624 989 720 1055 schol.
742 989 887 1055 Aeschin.
909 989 941 1054 II
964 989 1018 1070 80)
1044 988 1145 1056 facilis
1167 995 1218 1056 est
1252 1007 1332 1054 cou-

224 1099 357 1180 iectura,
399 1097 483 1164 hunc
513 1097 723 1180 Theophrasti
759 1097 862 1163 locum
906 1118 926 1164 a
960 1097 1131 1164 Plutarcho
1177 1093 1331 1179 pluribus
1434 1125 1437 1136 a

223 1207 318 1274 fuisse
338 1209 526 1292 expositum,
550 1226 612 1290 quo
634 1213 834 1290 revocantur,
866 1207 919 1288 qui
942 1208 981 1274 de
1000 1208 1154 1274 Herodoti
1174 1206 1329 1289 maligni-

224 1320 293 1384 tate
314 1317 455 1384 IibeIIum
476 1319 596 1400 legunt.
639 1316 701 1382 Sed
722 1335 761 1383 ne
782 1317 814 1382 in
835 1315 873 1382 iis
898 1315 1025 1396 quidem
1047 1316 1211 1382 Plutarchi
1232 1314 1329 1381 libris

224 1425 278 1507 qui
311 1425 351 1490 ad
390 1443 447 1492 nos
477 1428 632 1489 venerunt
667 1423 803 1506 Καιρῶν
842 1422 1151 1505 Theophrasteorum
1186 1425 1329 1507 vestigia

226 1531 346 1598 frustra
372 1550 516 1614 quaeres.
561 1531 678 1610 Quales
702 1531 894 1598 imitationes
928 1531 990 1596 iam
1015 1530 1139 1597 Henkel
1160 1531 1272 1600 ‘stud
1299 1553 1328 1598 z.
1419 1549 1446 1590 ·,

225 1641 338 1708 Gesch.
361 1643 391 1706 d.
414 1659 460 1722 gr.
482 1639 585 1707 Lehre
616 1658 688 1705 vom
710 1639 821 1730 suasi
842 1658 872 1721 p.
898 1643 937 1704 29
960 1639 1104 1706 ostendit.
1150 1641 1327 1707 Praeterea
1445 1694 1446 1704 ,

131 1745 132 1748 ’
223 1768 298 1816 vero
320 1750 421 1816 multa
450 1753 578 1816 suntet
605 1749 639 1813 in
660 1747 794 1831 politicis
827 1749 1004 1831 praeceptis
1036 1747 1122 1813 etin
1146 1749 1328 1832 vitisquae
1445 1767 1446 1780 ¹

224 1877 264 1925 ex
296 1859 344 1924 his
366 1858 578 1940 Theophrasti
610 1857 698 1924 libris
723 1857 915 1923 Plutarchus
931 1857 1119 1938 ¹sumpsisse
1147 1859 1326 1924 censendus
1445 1853 1446 1894 l

115 2011 117 2014 ⁴
224 1972 282 2034 est.
308 1967 417 2034 Veluti
451 1972 488 2033 ut
520 1967 696 2033 certissimo
731 1966 875 2048 exemplo
912 1969 986 2030 utar
1016 1965 1055 2031 de
1079 1964 1252 2033 Alcibiadis
1275 1965 1323 2030 di-

224 2077 314 2143 cendi
337 2079 406 2142 arte
438 2082 472 2142 et
501 2075 606 2143 indole
627 2093 709 2156 quae
741 2080 816 2141 sunt
837 2075 892 2140 vit.
935 2073 1034 2140 Alcih.
1060 2078 1108 2154 10,
1130 2093 1235 2157 praec.
1255 2094 1324 2158 ger.

225 2185 302 2266 reip.
324 2189 353 2264 8,
378 2184 416 2250 de
437 2183 517 2266 prof.
555 2185 587 2248 iu
609 2184 681 2248 virt.
704 2189 732 2248 9.
773 2183 839 2248 Nos
871 2200 945 2248 vero
980 2182 1059 2250 haec
1079 2183 1262 2265 scripsimus
1284 2187 1324 2248 ut

224 2292 432 2376 intellegatur
445 2309 549 2374 neque
571 2292 772 2358 abhorruisse
783 2289 992 2357 Plutarchum
1016 2290 1260 2372 aTheophrasti
1272 2292 1323 2357 -Ii-

225 2401 352 2466 brorum
371 2403 505 2468 lectione
517 2419 620 2484 neque
631 2419 758 2466 causam
771 2419 840 2467 esse
852 2419 908 2466 cur
916 2401 1096 2468 dubitemus
1110 2401 1320 2482 quiuPlutar·

224 2510 303 2576 chus
331 2509 449 2575 librum
475 2508 552 2591 περὶ
570 2503 786 2594 Θεοφράστου
809 2503 895 2590 πρὸς
915 2503 993 2586 τοὺς
1011 2503 1145 2590 καιρούς
1166 2510 1319 2591 conserip·
1444 2537 1446 2594 ο

224 2617 310 2684 serit.
332 2617 543 2700 Theophrasti
562 2635 635 2682 vero
659 2616 698 2683 de
719 2616 858 2682 amicitia
885 2617 982 2683 libros
1003 2617 1175 2697 Plutarcho
1196 2615 1320 2684 notissi·
1445 2608 1446 2612 ’

225 2744 293 2792 mos
314 2724 412 2792 fuisse
433 2726 506 2791 inde
528 2725 727 2808 potissimum
760 2725 889 2807 colliges
922 2726 1006 2807 quod
1036 2724 1069 2790 in
1087 2725 1160 2790 vitis
1195 2742 1321 2805 quoque
1432 2739 1446 2817 ᾗ

224 2833 400 2900 senteutIae
437 2852 557 2905 memor
593 2837 641 2898 est
677 2851 759 2913 quae
794 2834 826 2898 in
853 2833 941 2900 IIbris
972 2831 1050 2916 περὶ
1072 2831 1182 2918 φιλίοις
1203 2831 1320 2899 fuerat.
1444 2839 1446 2872 ³

225 2942 324 3009 Posse
345 2941 443 3025 igitur
477 2959 619 3023 eaquae
650 2959 752 3022 aeque
786 2946 818 3008 et
839 2944 925 3025 apud
946 2943 1156 3009 Plutarchum
1179 2947 1212 3006 et
1234 2942 1319 3023 apud

227 3049 407 3117 Ciceronem
429 3051 579 3132 leguntur
612 3051 652 3116 ad
674 3050 930 3132 Theophrastum
958 3049 1065 3116 reduci
1088 3051 1125 3116 ils
1147 3068 1229 3131 quae
1251 3067 1321 3130 pro·

229 3159 320 3224 oemii
350 3159 417 3224 Ioco
450 3158 680 3240 disputavimus
713 3157 857 3224 effectum
890 3177 960 3225 esse
981 3177 1155 3240 speramus,
1175 3163 1322 3239 oportere

228 3268 268 3333 ad
283 3265 537 3348 Theophrastum
557 3267 698 3332 revocari
714 3267 752 3332 iis
769 3247 851 3347 quae
870 3271 1020 3332 secuntur
1043 3265 1211 3350 probatum
1231 3265 1319 3330 imus,

226 3374 287 3441 Sed
309 3392 350 3439 ne
371 3367 441 3455 quis
464 3392 521 3440 nos
543 3375 658 3440 iniuria
679 3375 831 3458 suspicari
852 3374 1173 3455 putetPlutarchum,
1198 3374 1253 3454 qui
1274 3378 1323 3439 tot

225 3481 386 3548 volumina
420 3482 640 3575 diversissimis
672 3481 765 3548 rebus
798 3482 916 3549 referta
948 3482 1118 3565 scripserit,
1145 3499 1241 3564 saepe
1261 3499 1322 3546 non

224 3592 379 3657 iudicasse
419 3590 493 3670 quid
527 3590 567 3656 ab
599 3591 669 3656 aliis
704 3592 912 3674 scriptoribus
947 3591 1137 3672 sumpserit,
1181 3589 1322 3671 profera-

120 3733 126 3741 ss
227 3717 297 3766 mus
319 3717 401 3780 quae
422 3718 480 3766 nos
503 3700 533 3765 in
555 3701 638 3767 hauc
661 3702 852 3766 sententiam
871 3700 1071 3767 adduxerint.
1111 3701 1159 3766 De
1180 3698 1322 3765 fraterno

227 3826 334 3874 amore
356 3811 395 3873 20
410 3806 600 3886 Plutarchus
620 3807 699 3874 haec
720 3809 844 3875 scribit:
870 3795 906 3872 εὖ
927 3806 987 3890 μὲν
1009 3800 1084 3873 εἶπε
1098 3801 1321 3894 Θεόφραστος,

227 3909 272 3992 ὥς
294 3911 326 3981 εὶ
346 3909 437 3980 κοινοὶ
460 3910 500 3978 coi
521 3915 628 4002 φίλων
649 3914 727 3994 ἐστι’,
749 3911 890 3997 μάλιστα
911 3917 963 3982 δεῖ
979 3911 1108 3992 κοινούς
1129 3917 1195 3979 τῶν
1216 3912 1322 4000 φίλων

226 4014 309 4088 εἶναι
346 4018 423 4101 τούς
459 4022 585 4110 φίλους.
628 4023 724 4090 Cuius
756 4026 933 4091 sententiae
963 4043 1038 4106 pars
1060 4024 1148 4106 prior
1167 4015 1259 4088 κοινὰ
1278 4016 1321 4086 τοὶ
1445 4037 1446 4066 ³

226 4130 332 4217 φίλων
364 4132 437 4199 inde
466 4152 486 4198 a
516 4133 652 4198 Platone
684 4133 866 4215 saepissime
887 4132 971 4216 apud
994 4133 1161 4214 scriptores
1183 4130 1322 4196 Graecos

225 4238 352 4320 legitur.
394 4240 479 4306 Usus
499 4244 549 4306 est
570 4242 629 4306 hoc
650 4241 816 4322 proverbio
837 4240 1024 4307 Aristoteles
1046 4239 1122 4304 Eth.
1145 4237 1211 4305 Nic.
1234 4238 1322 4319 VIII,

228 4350 264 4410 11
288 4365 319 4428 p.
344 4347 440 4412 1159b
462 4353 558 4430 extr.;
579 4348 635 4428 III,
658 4353 678 4413 8
700 4368 730 4430 p.
756 4349 853 4415 11681‘
878 4351 906 4427 7,
943 4347 1116 4414 Menander
1140 4347 1213 4431 Frg.
1234 4346 1322 4413 Gom.
