2910 4908
39 519 61 640 ξ’
107 568 212 632 quarn
235 571 398 621 amemus.
442 554 647 622 Notissimum
670 557 756 622 istud
778 555 991 640 Theophrasti
1020 559 1138 626 dictum
1170 581 1227 644 per

38 665 42 720 Γ
108 678 245 727 omnem
268 661 341 728 fere
366 663 588 743 antiquitatem
620 663 793 731 ferebatur.
836 665 921 731 Usus
955 683 992 731 eo
1023 671 1073 732 est
1100 666 1225 734 Plutar-

38 765 41 784 '
109 769 193 834 chus
225 769 267 834 de
298 769 377 836 frat.
406 789 467 836 am.
495 775 515 834 8
539 765 616 848 τοῦς
642 770 702 853 μὲν
732 767 793 855 γὰρ
826 763 1028 855 ῦλλοτρίοος,
1060 768 1105 849 ὡς
1136 770 1225 859 ἔλεγε

111 871 353 964 Θεόφραστος,
378 870 418 944 οῦ
441 878 604 963 φιλοῦντα
624 878 677 944 δεῖ
697 878 817 962 κρίνειν
838 871 920 945 <illd
941 879 1093 962 κρίναντα
1105 883 1224 970 φιλεῖν.

109 985 208 1064 Quod
220 989 399 1070 xexpressit
420 979 559 1070 Cicero§
578 990 618 1052 85
638 987 728 1054 ‘cum
742 974 932 1056 indicaveris
944 990 1076 1072 diligere
1089 996 1223 1073 oportet,

109 1113 177 1160 non
201 1114 278 1161 oum
302 1096 452 1161 dilexeris
474 1096 642 1188 iudicare'3
675 1101 714 1162 62
735 1097 893 1164 ‘iudicare
913 1097 1040 1165 difficile
1069 1104 1118 1165 est
1147 1119 1224 1166 sane
1263 1133 1265 1136 ·

111 1205 178 1271 nisi
199 1207 386 1287 expertum,
408 1205 634 1285 experiendum
655 1211 763 1273 autern
785 1211 835 1273 est
855 1207 888 1272 in
911 1208 980 1288 ipsa
999 1207 1157 1287 amicitia,
1179 1209 1225 1274 ita

111 1311 305 1393 praecurrit
323 1311 464 1378 amicitia
483 1312 634 1378 iudicium
649 1314 796 1394 tollitque
812 1313 989 1395 experiendi
1006 1318 1223 1396 potestatem'.

113 1419 284 1501 Exempla
305 1421 518 1487 imitationum
541 1439 604 1487 non
626 1440 728 1503 pauca
751 1422 878 1504 collegit
895 1423 1053 1489 Ruhnken
1074 1424 1115 1488 ad
1127 1424 1225 1490 Rutil.

113 1526 250 1607 Lupum
272 1527 299 1610 Ι,
322 1531 341 1592 6
362 1548 393 1611 p.
415 1532 464 1606 22,
487 1547 569 1611 quae
590 1533 734 1611 repetere
757 1533 842 1596 nolo.
876 1530 996 1597 Graece
1012 1534 1151 1598 auctoris
1169 1551 1224 1598 no-

115 1633 205 1700 mine
237 1637 421 1718 praeposito
450 1637 567 1718 legitur
596 1638 680 1719 apud
711 1638 775 1702 loa.
805 1637 890 1704 Stob.
913 1637 1054 1722 fiendi,
1079 1645 1118 1704 14
1141 1635 1225 1706 Θεό-

117 1737 277 1827 φραστός
299 1765 399 1830 φησιν
421 1737 473 1809 ὅτι
494 1739 572 1821 τοῦς
602 1744 661 1827 μέν
687 1735 879 1828 ἀλλοτρίους
910 1737 950 1811 οῦ
981 1745 1141 1832 φιλοῦντα
1161 1749 1224 1814 δεῖ

117 1851 257 1933 κρίνειν,
283 1841 365 1915 ῦλλοὶ
386 1851 536 1934 κρίναντα
562 1853 680 1939 φιλεῖν,
709 1850 787 1932 τοῦς
813 1852 850 1919 δέ
877 1846 1041 1940 ἇῦελφοῦς
1070 1850 1222 1938 ἔμπαλιν.

118 1959 213 2026 Haec
235 1978 311 2025 vero
335 1961 431 2026 verba
452 1962 576 2027 etiamsi
598 1963 743 2028 veritatis
763 1962 897 2045 speeiem
920 1963 1083 2046 praebent,
1112 1982 1224 2031 vereor

119 2088 162 2134 ne
195 2074 344 2138 extrema
373 2065 454 2148 τοῦς
481 2070 517 2135 δὲ
544 2062 709 2157 οἰδελφούς
739 2068 881 2154 ἔμπαλιν
911 2072 950 2137 de
979 2089 1036 2137 suo
1066 2070 1225 2137 addiderit

118 2178 271 2258 Ioannes,
294 2182 331 2243 ut
355 2178 437 2244 hanc
459 2178 671 2260 Theophrasti
697 2181 890 2245 sententiam
924 2178 1075 2246 adhibere
1104 2183 1223 2259 posset,

119 2303 196 2351 eum
227 2284 267 2350 de
296 2283 438 2352 fraterno
470 2303 578 2352 amore
608 2293 728 2370 ageret.
772 2287 915 2354 Omisere
944 2305 1015 2354 eam
1047 2286 1223 2352 clausulam

118 2393 327 2460 flosculorum
361 2396 535 2458 sectatores
562 2392 655 2459 latini
684 2393 784 2460 veluti
812 2393 975 2458 Walterus
1009 2391 1125 2472 Burley
1152 2392 1173 2456 l.
1200 2392 1222 2458 l.

120 2502 177 2567 alii
201 2500 252 2580 (cf.
264 2500 393 2568 Caecilii
402 2501 495 2566 Balbi
517 2504 597 2567 sent.
619 2502 668 2567 ed.
686 2499 843 2566 Woelidin
859 2521 890 2584 p.
907 2499 971 2582 25).
993 2499 1137 2566 Eandem
1150 2518 1220 2565 sen·

120 2611 260 2676 tentiam
274 2609 334 2676 Ios.
348 2608 441 2674 Klein
461 2607 541 2690 legit
562 2611 594 2675 in
614 2610 696 2676 lihro
710 2609 835 2676 (insano
854 2628 884 2691 p.
908 2610 969 2672 108
981 2609 1017 2689 ¹),
1038 2625 1135 2687 quarn
1157 2626 1220 2687 quo

122 2719 194 2783 iure
216 2717 405 2783 Ribbeckius
427 2716 512 2783 Corn.
534 2717 624 2782 Rom.
647 2717 696 2783 cd.
720 2720 748 2798 2,
770 2736 800 2796 p.
822 2715 979 2782 CXXXIV
1008 2715 1048 2779 ad
1074 2733 1223 2780 numeros

123 2826 270 2907 redigere
292 2825 441 2905 potuerit,
464 2841 595 2906 prorsus
623 2843 686 2889 non
715 2841 878 2902 assequor.
921 2821 1072 2904 Corrupit
1096 2827 1220 2889 senten-

123 2934 205 2998 tiam
233 2933 368 2998 loannes
390 2930 547 2998 Walensis
568 2929 805 3012 Compendiloq.
826 2929 883 3010 111,
906 2931 935 3012 5,
961 2931 1001 2991 25
1020 2929 1176 3010 ‘Expedit
1190 2978 1222 2993 ..

123 3040 276 3121 probatos
298 3021 415 3106 amicos
438 3058 556 3123 amare,
572 3057 637 3105 non·
649 3043 774 3104 amatos
788 3035 985 3118 improbare?
1020 3037 1131 3117 Neque
1146 3054 1222 3102 vero

124 3149 245 3214 absona
266 3153 341 3214 sunt
370 3166 452 3229 quae
481 3149 632 3232 leguntur
660 3148 745 3229 opud
773 3147 947 3212 Maximum
983 3145 1112 3226 Tyrium
1145 3144 1222 3211 diss.

124 3256 192 3333 XX,
216 3260 235 3318 3
258 3254 369 3341 φιλίας
391 3254 427 3320 δὲ
449 3254 504 3320 καί
523 3255 692 3332 κολακείας
712 3254 763 3331 τίς
785 3247 877 3319 έσται
904 3248 1062 3334 βάσανος;
1094 3237 1158 3334 ἆρα
1182 3246 1221 3316 τὸ

126 3360 163 3442 ἐξ
172 3357 326 3444 έκατέροο
339 3360 449 3445 τέλος;
464 3353 532 3425 αλλ’
547 3357 578 3426 εί
592 3362 815 3443 ἀναμενοῦμεν
827 3357 866 3426 τὸ
881 3358 985 3443 τέλος,
999 3349 1067 3422 ἀλλ’
1084 3353 1102 3421 r‘
1117 3353 1222 3443 βλάβη

126 3463 294 3555 φθήσεται
308 3462 366 3557 τὴν
382 3469 509 3552 γνοῦσιν.
539 3468 591 3532 δεῖ
605 3467 641 3532 δέ
654 3471 761 3550 κρῖναι
783 3469 862 3551 πρὶν
883 3458 1048 3551 ῦρξασθαι
1069 3467 1221 3554 χρῆσθαι.

127 3571 182 3641 έοὶν
203 3574 240 3640 δέ
261 3570 380 3662 ῦστερῇ
401 3577 458 3662 τῆς
467 3567 623 3663 ληρήσεως
645 3570 665 3659 ἡ
688 3574 802 3660 κρίσις,
833 3571 851 3639 ὁ
870 3572 1059 3660 χρήσασθαι
1086 3567 1223 3661 φθάσας

126 3682 180 3748 καί
200 3677 377 3767 μεταγνοῦς
397 3679 445 3759 είς
466 3679 562 3748 οὐδέν
583 3681 658 3748 δέον
681 3679 739 3770 τὴν
759 3681 866 3766 κρίσιν
880 3681 1101 3751 κατατίθεται,
1134 3680 1222 3746 Adde

127 3790 256 3856 Himerii
282 3792 381 3872 eclog.
406 3794 455 3875 32,
481 3794 518 3854 12
535 3784 674 3856 Ἕτιεται
695 3789 731 3856 δέ
751 3781 832 3877 αῦτῇ
861 3789 916 3855 καί
940 3783 1047 3872 docco*
1048 3812 1066 3851 ν
1090 3781 1222 3874 συμφῦ-

126 3920 192 3961 των
213 3893 329 3982 μῦριος
352 3897 492 3974 θίασος·
525 3891 614 3981 ῦψος
640 3900 759 3982 ψυχῆς,
785 3897 1053 3982 μεγαλοπρέπεια
1085 3889 1222 3981 γνώμης,

127 4003 285 4088 ἐλευθέρα
313 3999 420 4094 φωνή,
453 4007 560 4087 χεῖρες
593 3994 728 4086 ῦῦιοροι,
762 4004 874 4092 φιλίας
906 3999 1030 4089 πόθος,
1063 3996 1221 4088 ἀληθείας

127 4143 325 4156 ——nu—-n

226 4217 253 4286 1)
271 4216 305 4272 ci.
324 4216 360 4272 M.
380 4202 483 4288 Haupt.
500 4216 692 4277 Hermaeum.
711 4215 736 4270 V
754 4233 782 4286 p.
800 4215 853 4270 322
873 4231 914 4284 sq.
