2910 4908
111 549 178 614 Gr.
198 547 242 614 IV
267 551 306 610 72
331 546 469 630 (Terent.
492 545 626 627 Adelph.
649 545 735 630 aot),
773 566 794 612 u
835 546 994 612 sententia
1015 546 1138 616 Graeca
1160 549 1221 617 Cic.

81 657 86 662 '
113 656 162 721 de
184 654 234 722 off.
257 655 281 738 Ι,
305 656 343 718 51
362 654 394 738 ¹).
437 653 499 720 Sed
521 654 560 720 de
588 673 644 720 suo
666 654 905 737 Theophrastus
927 654 1008 722 hanc
1030 657 1224 725 sententiam·

115 768 258 831 auxerat
293 759 323 830 εἰ
343 758 438 846 κοινὰ
466 758 507 827 τὰ
529 761 636 850 φίλων
659 761 737 848 ἐστι’,
770 758 909 846 μάλιστα
931 763 983 829 dez
1004 765 1134 844 κοινοῦς
1154 769 1221 830 τῶν

113 871 228 958 φίλων
262 863 346 938 εἶναι
375 867 454 948 τούς
474 870 601 958 φίλους,
638 872 721 952 quod
755 873 787 937 in
818 873 999 941 Aristotelis
1030 875 1119 942 libris
1155 894 1221 942 non

115 981 251 1064 legitur.
291 982 360 1046 Iam
382 983 519 1049 videsis
541 999 638 1062 quam
660 981 757 1047 libere
779 982 839 1048 hac
864 985 1023 1050 sententia
1043 985 1142 1052 veluti
1163 1003 1221 1051 sua

114 1093 233 1154 utatur
260 1088 453 1156 Plutarchus
489 1089 596 1157 libello
617 1087 792 1172 ‘quomodo
829 1091 949 1157 amicus
980 1092 1021 1158 ab
1053 1092 1221 1160 adulatore

115 1198 366 1265 intemoscatur‘
390 1202 440 1278 24,
476 1199 531 1264 ubi
552 1200 611 1265 hoc
633 1201 701 1265 veri
733 1201 825 1267 amici
852 1200 1001 1268 iudicium
1036 1221 1105 1270 csse
1135 1202 1220 1282 dicit,

120 1302 220 1373 κοινοὶ
253 1301 313 1390 γάρ
348 1307 451 1387 inquit
482 1301 523 1370 τὰ
544 1306 650 1394 φίλων
671 1302 850 1394 ἡγούμενος
869 1307 962 1375 οὐδὲν
985 1305 1090 1388 οὕτως
1114 1303 1219 1375 οἴεται

118 1417 193 1482 δεῖν
212 1410 322 1482 κοινὸν
346 1413 390 1492 ὥς
413 1411 491 1492 τούς
519 1415 636 1502 φίλους
658 1411 815 1500 ὑπάρχειν
826 1418 863 1502 ²).
902 1418 977 1484 Iure
999 1419 1097 1501 igitur
1119 1418 1219 1500 suspi-

66 1530 67 1533 ’
117 1526 187 1592 cari
207 1524 281 1594 licet
301 1526 510 1594 Plutarchum
544 1528 640 1592 etiam
666 1527 720 1593 ubi
741 1532 908 1594 auctorum
930 1529 1058 1595 nomina
1079 1546 1142 1595 non
1164 1529 1221 1595 ad·

118 1633 247 1713 diderit,
272 1652 382 1700 eorum
396 1636 515 1717 scripta
530 1640 587 1700 aut
602 1637 634 1700 in
657 1636 768 1724 animo⁸
777 1642 834 1728 aut
848 1643 922 1702 ante
941 1638 1047 1704 oculos
1061 1635 1220 1703 habuisse.

121 1741 236 1822 Neque
257 1743 382 1809 veroid
406 1742 465 1808 hoc
488 1742 593 1810 libello
615 1743 858 1825 disceptabimus
879 1749 988 1812 utrum
1009 1745 1107 1826 ipsius
1121 1745 1220 1811 Theo-

119 1848 245 1931 phrasti
264 1849 378 1915 librum
399 1848 592 1916 Plutarchus
625 1851 770 1918 imitatus
798 1853 841 1916 sit
866 1871 907 1918 an
924 1851 1083 1918 inferiorIs
1104 1852 1221 1919 aetatis

121 1957 314 2039 philosophi,
347 1959 401 2038 qui
436 1964 469 2025 et
493 1959 562 2041 ipse
580 1957 794 2040 Theophrasti
815 1959 913 2027 libros
933 1959 1015 2056 crept
1036 1957 1148 2046 φιλίας
1168 1960 1222 2025 ad-

123 2063 270 2131 hibuerit.

222 2172 329 2256 Atque
350 2174 673 2256 circumspicientibus
706 2174 794 2241 nobis
816 2194 891 2258 ,qua
913 2175 1076 2258 aptissime
1097 2175 1220 2242 ratione

123 2281 205 2347 hanc
225 2299 354 2363 operam
377 2282 587 2360 absolvamus,
608 2301 647 2349 ne
670 2283 866 2366 singularum
888 2287 1117 2352 sententiarum
1138 2292 1221 2354 trac-

124 2389 245 2455 tatione
275 2390 440 2456 materIem
473 2391 600 2471 qualem
634 2393 710 2457 olim
742 2392 1003 2476 aTheophrasto
1031 2394 1217 2477 dispositam

122 2497 218 2564 luisse
241 2499 512 2582 qualibuscunque
532 2501 693 2567 decausis
716 2499 897 2582 efficiemus,
918 2503 1100 2571 disiciamus
1120 2509 1220 2588 utque

123 2607 231 2673 eadem
253 2607 397 2690 pluribus
417 2609 492 2675 locis
515 2609 677 2699 repetendi
700 2609 877 2676 molestiam
900 2611 1055 2678 evitemus
1078 2631 1117 2678 ex
1133 2613 1219 2681 Oloe-

14 2771 19 2790 ,
123 2716 207 2782 nonis
221 2716 450 2796 Plutarchique
472 2718 598 2799 scriptis
621 2717 735 2784 iudicia
756 2721 929 2798 praecepta
950 2721 1126 2786 sententiae
1147 2741 1220 2788 auc-

122 2822 200 2888 toris
219 2825 392 2889 sccundum
412 2843 518 2890 rerum
543 2825 682 2891 ordinem
703 2823 852 2892 facillime
876 2826 1002 2893 restitui
1024 2846 1115 2910 posse
1136 2831 1221 2897 vide-

21 3009 24 3030 1
123 2933 260 3011 bantur..
283 2931 404 3010 Quibus
426 2933 615 3002 Aristoteles
648 2933 804 3000 amicitias
838 2936 1075 3018 comprehendIt
1103 2955 1222 3021 genera

130 3093 323 3104 Ἣ

222 3189 249 3259 1)
267 3189 351 3244 (luins
376 3191 453 3246 vocis
480 3191 611 3248 Inventor
638 3193 812 3264 Pythagoras
839 3194 983 3250 ferebatur
1008 3194 1095 3250 veluti
1114 3213 1157 3266 ap.
1178 3197 1221 3251 Iu-

62 3293 66 3297 '
125 3283 189 3340 lian.
207 3287 274 3356 imp.
292 3303 333 3342 or.
352 3286 455 3343 v111.1
477 3306 505 3358 p.
524 3289 577 3344 317
594 3289 684 3344 Hertl.
702 3290 828 3346 Platonis
854 3290 919 3348 vide
936 3289 1057 3346 Phaedr.
1076 3309 1103 3362 p.
1122 3292 1175 3348 279
1188 3294 1218 3363 (l,

14 3393 15 3396 ’
59 3389 61 3392 ’
127 3379 216 3449 Lysid.
237 3398 264 3451 p.
283 3384 336 3436 207
350 3382 378 3444 Ο,
402 3382 472 3452 Rep.
490 3383 522 3452 V,
545 3402 572 3454 p.
590 3388 643 3442 449
654 3385 683 3450 C,
710 3387 779 3458 Leg.
797 3387 830 3458 V,
859 3406 887 3458 p.
908 3387 1001 3444 7390.
1037 3387 1072 3444 cf.
1092 3387 1217 3460 [Seneca]
1311 3409 1313 3415 ·

128 3475 160 3529 de
177 3492 246 3532 mor.
266 3475 326 3530 145.
344 3477 533 3548 Paroemiogr.
551 3479 599 3538 Gr.
616 3479 638 3547 I',
658 3484 721 3551 1063
741 3483 777 3551 11,
797 3485 830 3538 76
850 3483 980 3554 Gotting;
999 3483 1101 3538 Muret.
1121 3485 1157 3539 ad
1167 3486 1216 3540 Ar.

21 3593 23 3595 ·
127 3570 156 3627 E.
175 3569 208 3625 N.
230 3571 278 3636 111,
297 3573 350 3626 456
369 3574 411 3628 ed.
428 3571 538 3629 Ruhnk.
557 3573 704 3631 Proverbii
721 3575 934 3646 explicationem
954 3578 1131 3634 Oleareheam
1149 3597 1219 3649 quaa

130 3666 247 3723 adchol.
269 3666 340 3722 Plat.
359 3686 386 3738 p.
406 3670 458 3724 275
477 3667 570 3726 Herm.
589 3669 705 3726 affertur
724 3672 796 3728 libro
814 3676 878 3744 περὶ
900 3675 1058 3746 παροιμιῶν
1080 3675 1222 3752 tribuunt.

129 3779 151 3817 v.
167 3762 233 3836 Frg.
251 3763 317 3818 hist.
336 3781 379 3834 gr.
397 3763 432 3830 ΙΙ,
451 3766 513 3820 820.

221 3861 249 3930 2)
267 3859 348 3916 Adde
367 3860 506 3939 quomodo
530 3863 714 3932 Anaxagorae
732 3863 839 3919 dlotum
865 3863 1032 3920 adhibeatur
1050 3885 1080 3921 π.
1104 3861 1217 3936 ἀοργησ.

129 3957 158 4010 16
174 3961 202 4011 et
219 3977 250 4011 π.
270 3953 366 4029 edoma.
387 3958 421 4012 16
438 3957 474 4014 ef.
492 3974 546 4014 van
559 3958 676 4028 Lynden
694 3959 729 4014 de
746 3959 880 4016 Panaetio
898 3979 925 4031 p.
940 3960 999 4017 115.
1035 3961 1216 4019 Verissimum

127 4052 265 4122 Bernaysii
283 4056 326 4108 est
343 4054 477 4109 iudicium
490 4054 561 4108 Mue-
573 4053 663 4111 Rhen.
674 4053 749 4124 VIII,
768 4055 817 4109 92:
831 4053 980 4111 ‘Plutarch
991 4096 998 4112 .
1010 4098 1016 4112 .
1029 4099 1036 4112 .
1055 4057 1119 4136 der,v
1132 4059 1219 4116 celbst

127 4163 165 4200 wo
182 4163 212 4201 er
231 4148 309 4204 nicht
327 4149 522 4206 ausdriioklmh
541 4151 628 4220 edint,
654 4168 685 4208 ro
704 4167 773 4222 gem
796 4153 825 4206 in
847 4152 998 4224 erborgten
1018 4153 1133 4212 Worten
1157 4157 1214 4211 und

14 4278 17 4324 j
127 4235 272 4300 'bodemen
290 4242 475 4316 einhergeht.’
570 4274 572 4278 ¹
