2910 4908
704 303 745 363 40

206 485 276 550 XII.
299 482 349 546 lix
379 481 503 546 infmico
537 479 718 560 vindictam,
752 480 776 544 si
800 480 958 546 inimicum
987 485 1020 548 te
1042 485 1185 564 senserit,
1205 505 1276 568 per-

297 589 412 656 didisti.

296 697 326 763 b.
348 695 483 764 Gravius
503 698 586 764 enim
607 697 825 764 adversarium
845 699 1017 765 securitate
1037 700 1181 782 decipies.

297 825 322 871 c.
343 805 464 872 Nocere
486 807 586 872 nescit
601 806 661 898 pul
679 823 715 872 se
737 807 917 872 nociturum
940 808 1123 890 prodiderit.

193 917 278 982 XIII.
300 915 486 982 Amantium
508 932 601 982 caeca
624 919 699 981 sunt
719 915 845 980 iudicia.

191 1026 276 1091 XIV.
300 1024 433 1106 Scripsit
447 1023 686 1105 Theophrastus
707 1023 822 1089 librum
845 1024 884 1089 de
906 1025 1052 1105 amicitia,
1074 1025 1107 1090 in
1121 1043 1184 1108 qno
1198 1026 1278 1092 anri·v

296 1133 403 1200 citiam
420 1134 505 1198 omni
529 1132 656 1198 caritati
676 1130 825 1213 praefert,
848 1133 903 1200 scd
925 1150 1031 1200 raram
1053 1135 1085 1197 in
1099 1133 1194 1200 rebus
1215 1133 1275 1197 hu-

296 1243 487 1308 manicasse
509 1242 658 1306 testatur.
709 1273 711 1278 ,

277 1351 365 1430 Quae
389 1348 530 1416 collectio
550 1348 590 1413 ab
612 1349 722 1415 eadem
745 1351 811 1416 sine
833 1349 928 1416 dubio
944 1347 1087 1431 profecta
1109 1352 1157 1414 cst
1175 1354 1272 1429 atque

176 1477 215 1526 ea
236 1476 332 1541 quam
355 1453 514 1520 Woelfflin
542 1453 662 1520 elibro
692 1454 873 1521 Monacensi
899 1455 998 1521 edidit
1030 1439 1158 1538 (caecil.
1180 1456 1268 1524 Balb.

178 1587 209 1650 p.
233 1566 296 1650 25).
319 1564 408 1643 Quae
430 1568 538 1630 tamen
570 1564 618 1629 ita
637 1566 720 1630 inter
742 1581 776 1630 se
798 1563 959 1644 differunt,
984 1569 1020 1630 ut
1040 1584 1111 1630 cum
1135 1565 1274 1631 collectio

178 1675 376 1743 Monacensis
401 1672 543 1757 pluribus
564 1673 659 1738 etiam
682 1674 847 1740 sententiis
876 1679 971 1739 aucta
992 1674 1044 1752 sit,
1074 1658 1180 1740 temen
1213 1691 1275 1754 quo

178 1785 269 1851 modo
292 1787 342 1848 tot
361 1799 483 1848 errores
503 1782 591 1849 nasci
613 1781 775 1864 potuerint
795 1781 912 1848 clarius
934 1781 1080 1864 explicat.
1108 1782 1177 1846 Iam
1201 1800 1276 1848 vere

178 1913 217 1960 ea
237 1910 362 1977 quoque
394 1891 543 1969 collectio,
576 1907 616 1953 ex
638 1907 701 1969 qua
731 1893 762 1953 et
784 1887 917 1956 Waltcri
951 1891 1025 1956 olim
1047 1896 1080 1956 et
1102 1890 1277 1957 sententiae

179 2001 384 2067 Monacenses
416 1997 716 2077 conscribebantur,
752 2000 798 2063 ita
827 1999 1119 2080 Interpolataerat,
1147 1998 1277 2063 atinde

179 2124 198 2171 a
221 2105 359 2187 secunda
393 2122 493 2185 usque
515 2105 555 2170 ad
575 2105 803 2187 paenultimam
837 2122 946 2170 omnes
968 2100 1140 2173 sententias
1161 2105 1276 2170 iniuria

158 2213 397 2294 Theophrasto
418 2213 582 2278 tribueret.
617 2211 757 2280 Primam
777 2213 964 2280 sententiam
986 2232 1060 2279 vere
1083 2232 1153 2281 esse
1174 2215 1277 2279 Theo·

177 2322 362 2404 phrasteam
384 2321 586 2401 cognovimus
607 2340 636 2403 p.
661 2325 709 2387 23.
750 2321 811 2388 Sed
833 2322 1002 2388 secundam
1025 2321 1188 2388 Livianam
1213 2323 1277 2404 (40,

178 2433 229 2510 46,
260 2428 311 2510 12)
348 2445 416 2493 esse
437 2446 543 2494 vocem
568 2429 725 2495 Woelfflin
761 2432 916 2511 cognovit.
961 2431 1047 2496 Libri
1080 2435 1114 2496 et
1141 2430 1276 2497 Parisini

178 2537 279 2624 (apud
300 2535 458 2603 Woelfflin
489 2556 519 2619 p.
540 2538 596 2619 40)
619 2546 651 2604 et
674 2539 817 2606 Cusanus
850 2542 893 2621 (p.
920 2544 978 2604 108
1009 2540 1039 2606 J.
1061 2538 1168 2620 Klein)
1198 2558 1277 2621 qno·

177 2667 249 2716 rurn
272 2646 377 2727 qualis
399 2647 442 2712 sit
466 2649 611 2729 cognatio
640 2666 679 2714 ne
699 2648 794 2720 verbo
816 2649 943 2729 quidem
966 2648 1057 2714 Klein
1079 2647 1274 2731 significavit,

177 2754 386 2838 Theophrasti
411 2757 536 2820 nomine
558 2757 755 2839 praescripto
777 2757 951 2822 sententias
975 2762 1100 2822 tantum
1123 2756 1276 2840 praebent

177 2865 248 2928 Iet
268 2863 339 2928 XII.
381 2864 430 2927 Ea
464 2862 524 2928 fult
556 2865 726 2930 veterrima
758 2867 909 2932 collectio.
953 2863 1002 2929 Ad
1025 2865 1276 2947 quamprimum

178 2973 311 3039 accessit
347 2971 442 3036 tertia
463 2972 566 3053 (XIII)
602 2991 641 3038 ex
662 2974 848 3058 Hieronymi
882 2979 1048 3040 comment.
1082 2974 1113 3038 in
1147 2973 1199 3038 Os.
1227 2972 1276 3036 III

177 3097 315 3163 prooem.
337 3079 405 3162 (VI,
431 3080 616 3160 novali),
642 3080 681 3145 de
704 3081 792 3147 cuius
813 3082 1006 3148 auctoritate
1029 3082 1152 3164 egimus
1173 3098 1205 3161 p.
1226 3083 1276 3144 25.
1407 3083 1423 3172 f

178 3186 268 3265 Quod
303 3187 423 3253 facturn
463 3206 530 3254 csse
566 3207 606 3254 ex
639 3187 795 3254 Vincentii
828 3188 1060 3256 Bellovacensis
1092 3171 1186 3270 spec.
1203 3188 1279 3253 hist.

177 3297 233 3376 VI,
256 3300 274 3359 2
293 3300 436 3378 apparet,
467 3295 518 3377 qui
540 3296 672 3377 praebet
693 3297 867 3364 sententias
888 3297 912 3378 1,
935 3296 1037 3378 Xllb‚
1069 3297 1146 3362 XIII
1167 3295 1276 3377 (ioan-
1411 3283 1412 3288 ’

177 3406 225 3470 nis
242 3403 408 3486 walensis,
442 3405 497 3484 qui
531 3405 803 3486 compendiloquic
823 3404 880 3486 111,
905 3409 933 3486 5,
958 3409 997 3470 25
1020 3424 1075 3472 eas
1097 3423 1131 3472 se
1152 3408 1277 3470 senten-

90 3553 121 3607 5
177 3514 240 3580 tlas
262 3511 381 3578 referre
402 3513 528 3594 Indicat,
560 3511 662 3594 ‘quae
697 3515 873 3580 recitantur
901 3514 933 3577 in
960 3518 1101 3582 tractatu
1136 3513 1175 3578 de
1206 3530 1276 3593 spe·

181 3621 280 3700 culc',
301 3621 382 3686 ratio
404 3641 424 3688 a
444 3621 534 3688 nobis
555 3640 618 3686 non
632 3621 820 3704 habebitur).
848 3623 915 3686 Iam
938 3640 1088 3689 veronen
1112 3621 1179 3686 sola
1202 3619 1281 3684 haec

176 3729 334 3796 sententia
356 3747 394 3795 ex
417 3730 605 3813 Hieronymo
628 3730 660 3794 in
682 3729 763 3795 hanc
786 3729 1001 3796 collectionem
1024 3726 1279 3795 transferebatur

105 3913 113 3922 ,
177 3839 234 3905 sed
271 3838 401 3905 accessit
437 3841 533 3904 etiarn
570 3839 641 3903 libri
677 3837 907 3920 Theophrastei
941 3839 1058 3903 mentio
1081 3833 1183 3916 (XIV)
1204 3854 1279 3902 curn

176 3945 300 4011 duabus
320 3949 485 4015 sententiis
507 3965 547 4012 ex
558 3947 740 4030 Hieronymi
763 3947 989 4013 commentario
1011 3945 1192 4012 inMicham
1205 3944 1268 4010 VII

178 4054 488 4136 5(V1,517Vall.)
525 4055 655 4120 Inerant
689 4055 786 4135 igitur
821 4055 853 4118 in
882 4053 1064 4120 collectione
1085 4058 1118 4119 et
1138 4053 1267 4119 Walter}

178 4162 358 4232 auctoribus
379 4169 412 4228 et
433 4163 588 4230 Vincentii
609 4163 765 4229 communi
786 4149 902 4228 LXII.
925 4163 1010 4234 XIII.
1033 4162 1116 4228 XIV.
