2910 4908
778 345 817 404 14

246 530 310 595 tria
330 548 350 595 a
372 528 589 611 Theophrasto
621 528 766 609 neglecta
801 546 864 592 non
897 526 993 593 fuisse
1016 528 1142 609 Aspasii
1164 528 1281 595 scholio
1304 530 1347 594 ad

246 636 341 702 Arist.
364 637 437 702 Eth.
454 636 521 701 Nic.
545 635 629 714 VIII,
654 640 673 699 8
697 654 727 717 p.
755 635 851 700 115gs
870 640 904 699 11
928 635 981 700 fol.
1006 637 1080 699 141ει
1098 635 1170 700 Ald.
1193 637 1343 703 certiores

246 744 347 812 limus.
375 747 433 809 nst
454 761 528 810 vere
551 745 626 810 hoc:
646 743 731 828 λέγει
750 741 853 808 δὲκαὶ
874 733 1027 828 Εὔδημος
1049 742 1103 807 καὶ
1129 737 1345 829 Θεόφραστος

245 847 297 919 ὅτι
319 852 374 916 καὶ
391 853 470 916 καθ’
492 850 657 935 ὑπεροχήν
678 851 785 939 φιλίαι
807 851 841 916 ἐν
864 853 936 928 τοῖς
956 842 1073 928 adroic
1090 844 1218 934 [citieus]
1243 851 1345 935 χίνον·

245 984 308 1042 ται,
328 953 349 1050 ἢ
369 961 411 1026 ds’
433 955 550 1047 ἡδοννν
571 954 592 1046 ἢ
613 959 668 1027 dcci
701 954 739 1026 τὸ
761 954 919 1046 χρήσιμον
936 953 957 1023 i*
982 960 1022 1026 δι’
1046 955 1172 1048 ἀρετήν.
1203 959 1344 1044 γένοιντο
1435 943 1436 946 ¹

244 1065 303 1154 γὰρ
326 1061 365 1133 dv
395 1070 449 1135 καὶ
469 1070 648 1136 σπουδαῖοι
682 1068 775 1156 φίλοι
804 1068 902 1152 ὁμὲν
920 1058 1036 1155 ἅρχων,
1070 1067 1146 1133 ὅδὲ
1162 1063 1344 1154 ἀρχόμενος
1436 1075 1437 1078 ’

245 1178 299 1243 καὶ
332 1174 373 1242 ιὰ
405 1176 463 1261 μὲν
494 1167 575 1243 dtus
597 1173 728 1244 ἔσονται
752 1176 853 1266 φίλοι,
885 1173 925 1242 ad
946 1178 982 1243 dd
1004 1178 1125 1261 νόμιμα
1144 1171 1345 1263 φυλάξουσιν

246 1286 280 1352 ἕν
300 1289 347 1374 τῷ
369 1279 451 1352 εἶναι
473 1286 574 1373 φίλοι,
604 1286 623 1352 ὁ
648 1286 707 1370 μὲν
726 1281 977 1373 ὑπερεχόμενος,
1009 1281 1071 1352 ὅσα
1102 1280 1343 1370 apostatatus

245 1391 355 1478 νόμος,
378 1394 396 1462 ὁ
420 1394 456 1461 δὲ
477 1394 692 1481 ὑπερέχων..
711 1445 741 1464 ..
760 1397 794 1480 1).
828 1397 876 1461 De
898 1397 1042 1462 amicItiis
1071 1415 1153 1480 quae
1180 1397 1263 1462 inter
1285 1397 1343 1461 im·
1418 1409 1439 1442 -'

244 1523 338 1586 pares
370 1508 481 1570 extare
501 1511 644 1585 possunt,
675 1509 787 1584 postea
808 1522 949 1586 agemus,
982 1521 1064 1570 nunc
1086 1506 1244 1572 monuisse
1266 1523 1338 1570 con·

244 1614 347 1693 ducet,
380 1612 413 1674 in
443 1610 567 1693 scriptis
589 1610 788 1679 Plutarcheis
820 1610 1038 1677 Aristoteliam
1072 1611 1258 1678 divisionem
1280 1630 1342 1680 non

245 1737 408 1803 apparere,
433 1719 493 1784 nisi
514 1717 597 1785 forte
616 1739 654 1786 ea
676 1721 822 1786 licentius
845 1738 936 1786 usum
960 1738 1028 1787 esse
1045 1720 1171 1802 putabis
1190 1721 1230 1786 de
1253 1721 1341 1785 amic.

245 1829 334 1895 mult.
357 1832 386 1908 3,
417 1827 470 1894 ubi
493 1845 567 1893 uera
596 1828 735 1892 amicitia
757 1828 965 1908 honestatem,
992 1829 1198 1910 uoluptatem,
1221 1828 1342 1894 utilita-

244 1941 310 2002 tem
331 1937 440 2019 appeti
461 1937 567 2002 dccet:
590 1934 610 2021 ἡ
630 1927 770 2022 ἀληθινὴ
793 1934 886 2024 φιλία
907 1934 981 2018 τρία
1003 1935 1091 2020 ζητεῖ
1114 1931 1262 2018 μάλιστα,
1285 1931 1343 2020 τὴν

244 2038 364 2130 doceris
386 2039 431 2122 ὡς
450 2040 549 2109 καλὸν
570 2044 624 2109 καὶ
644 2038 705 2129 τήν
725 2038 902 2129 συνήθειαν
934 2038 980 2121 ὠς
999 2040 1057 2132 ἡδύ
1081 2044 1134 2109 καὶ
1155 2040 1213 2130 τὴν
1232 2043 1342 2128 χρείαν

245 2148 289 2230 ὡς
310 2149 491 2236 ἀναγκαῖον.
521 2152 583 2217 Sed
604 2151 662 2218 has
683 2152 826 2217 notiones
848 2169 962 2232 operae
983 2151 1120 2234 pretium
1136 2153 1341 2236 estanimad-

245 2267 369 2327 vertere
391 2278 454 2341 qua
473 2249 598 2324 'ratione
621 2260 726 2325 Cicero
750 2261 970 2341 permiscuerit
991 2267 1088 2342 atque
1111 2259 1297 2327 confuderit.

344 2368 518 2450 Postquam
550 2369 632 2431 enim
655 2368 793 2432 amicitia
826 2387 883 2434 nos
903 2369 990 2434 haud
1008 2369 1100 2434 facile
1122 2387 1230 2435 carere
1251 2387 1342 2450 posse

243 2477 397 2561 probavit,
433 2475 524 2556 quasi
546 2475 761 2555 eprIcaturus
785 2475 872 2540 addit
894 2473 914 2554 ξ
937 2479 994 2538 22;
1024 2474 1153 2556 ‘Neque
1176 2494 1235 2559 ego
1257 2496 1340 2542 nuuc

243 2588 283 2652 de
305 2586 429 2668 vulgari
449 2589 506 2651 aut
527 2586 567 2651 de
588 2584 744 2661 mediocri,
774 2602 856 2665 quae
877 2588 984 2650 tamen
1006 2585 1127 2666 etipsa
1149 2586 1287 2652 delectat
1307 2590 1341 2651 et

242 2697 382 2778 prodest,
414 2695 470 2762 sed
505 2693 639 2761 devera
662 2700 695 2760 et
716 2693 858 2776 perfecta
878 2697 999 2776 loquor,
1032 2695 1134 2777 qualis
1157 2713 1266 2763 eurum
1286 2698 1340 2777 qui

241 2805 334 2887 pauci
354 2804 566 2881 nominantur,
591 2801 665 2869 fnit'
680 2805 715 2882 2).
760 2802 836 2881 Quis
859 2821 975 2884 quaeso
998 2802 1075 2870 haec
1093 2805 1258 2888 intellegit,
1281 2805 1339 2871 nisi
1437 2850 1439 2868 ι

241 2912 410 2993 praesidiis
447 2912 643 2978 extrinsecus
679 2913 785 2978 allatis
817 2913 1001 2992 instructus
1035 2932 1107 2978 cum
1139 2915 1274 2995 scriptor
1300 2932 1339 2979 ne

242 3020 373 3086 verbum
397 3021 523 3099 quidem
556 3019 595 3084 de
616 3019 776 3099 tripertita
800 3021 958 3085 amicitiae
981 3023 1098 3084 natura
1118 3021 1339 3103 praemiserit?
1438 3049 1439 3082 3

242 3127 353 3209 Neque
375 3129 535 3204 secuntur,
567 3144 650 3208 quae
671 3125 749 3191 istas
770 3125 917 3192 tenebras
939 3126 1116 3206 dispellant.
1160 3126 1234 3194 Solo
1255 3129 1337 3193 enim
1438 3151 1439 3166 ι

243 3254 304 3318 quo
325 3241 492 3318 praeterea
514 3234 596 3300 hanc
618 3231 821 3314 partitionem
837 3233 945 3315 attigit
963 3234 1031 3301 loco
1046 3235 1161 3301 iterum
1179 3235 1241 3301 duo
1256 3240 1340 3303 certe

242 3363 359 3428 genera
390 3343 539 3410 confudit.
584 3340 663 3407 Cum
695 3343 778 3408 enim
800 3341 818 3424 ᾖ
841 3345 880 3406 30
904 3345 984 3409 extr.
1017 3345 1192 3425 monuerit,
1230 3363 1339 3426 quam·
1438 3421 1439 3424 Ἴ

241 3469 338 3534 quam
359 3451 516 3519 utilitates
543 3449 663 3516 multae
684 3454 717 3516 et
738 3469 873 3533 magnae
896 3451 1066 3518 amicitiam
1081 3457 1263 3533 sequantur,
1290 3457 1338 3518 ta·
1438 3521 1439 3544 ξ

344 3653 369 3722 1)
388 3653 422 3708 of.
441 3652 507 3707 Eth.
527 3653 587 3708 Nic.
606 3653 679 3715 VIII,
698 3656 714 3706 3
732 3657 761 3706 et
774 3653 801 3706 4.
837 3652 870 3705 ln
888 3667 959 3720 quse
977 3667 1081 3720 genera
1093 3651 1181 3707 Stoici
1199 3652 1338 3706 amicitias

243 3749 397 3818 diviserint,
416 3749 585 3819 intelligitur
602 3765 637 3801 ex
658 3747 696 3800 Io.
717 3745 863 3800 Stoh.Eol.
883 3744 916 3813 ll,
936 3748 961 3814 6,
980 3749 996 3799 6
1015 3748 1052 3816 (p.
1064 3748 1115 3801 565
1129 3763 1169 3814 sq.
1188 3749 1217 3801 et
1235 3749 1287 3802 587
1298 3765 1338 3817 sq,

243 3845 341 3914 Gaias.)
372 3844 513 3914 Epicurus
548 3842 700 3897 amicitiam
728 3841 880 3912 voluptatis
910 3843 1127 3896 instrumentum
1158 3859 1218 3896 esse
1250 3843 1338 3911 duxit,

242 3941 303 3995 fieri
331 3956 397 3996 vero
429 3939 561 3993 utilitatis
588 3954 679 4005 causa,
702 3937 736 3992 ef.
753 3937 847 3992 Ladrt.
866 3937 899 4002 X,
925 3939 984 3991 120.
1004 3939 1062 3992 148.
1087 3937 1213 3993 Ciceron.
1237 3939 1272 3993 de
1291 3939 1337 3994 fin.

242 4035 441 4106 Lffistffl

347 4132 375 4200 2)
395 4130 522 4186 Clemens
548 4147 658 4199 quoque
685 4130 833 4186 Alexandr.
861 4129 1064 4199 Peripateticae
1091 4128 1235 4185 divisionis
1262 4131 1333 4185 male

242 4243 348 4282 memor
369 4244 427 4282 essa
445 4228 558 4283 videtur
576 4227 676 4281 Strom.
695 4227 731 4292 Il,
754 4230 795 4294 19,
815 4230 864 4281 101
884 4245 912 4296 p,
931 4227 1021 4282 483P.

28 4669 267 4888 Ἀ
318 4885 320 4887 ,
