2910 4908
714 295 842 386 τ’.

169 510 461 591 Theophrasteum‚
500 509 574 590 quid
608 528 669 575 non
707 511 822 590 quidve
855 529 927 578 cum
959 513 1061 578 Eresii
1097 511 1274 597 philosophi

168 618 340 684 sententiis
372 621 430 683 aut
462 619 645 684 notabiliter
682 623 838 700 congruat
870 625 927 686 aut
959 625 1070 703 aperte
1107 621 1273 703 discrepet,

170 726 395 806 disceptemus.
432 723 674 810 Percurrentem
690 743 766 790 vero
778 723 917 792 frustula
932 727 993 793 ista
1006 765 1044 772 —
1061 745 1196 809 querum
1218 745 1275 795 nos

169 835 311 920 primam
332 833 478 898 notitiam
499 833 667 899 Useneri
688 832 872 900 liberalitati
895 834 1054 916 debemus,
1084 835 1137 916 qui
1159 855 1198 900 ex
1218 853 1276 901 sua

170 940 426 1022 fragmentorum
439 939 748 1021 Theophrasteorum
764 934 946 1009 collectione
963 943 1171 1010 transcribere
1186 943 1275 1009 nohis

170 1050 321 1132 permisit
353 1067 559 1131 quaecunque
594 1051 667 1115 usui
701 1050 793 1115 nobis
809 1076 811 1080 ·
827 1069 896 1117 esse
933 1052 1118 1134 riderentur
1148 1087 1186 1097 -
1217 1051 1275 1115 hoc

172 1159 287 1240 lugere
309 1175 500 1240 quemquam
529 1158 649 1238 nequit,
678 1159 835 1240 plerisque
861 1161 894 1225 in
923 1160 1018 1226 rebus
1050 1179 1147 1242 quam
1181 1159 1275 1224 anxie

172 1267 418 1349 Theophrastus
438 1267 552 1332 summi
573 1267 719 1348 magistri
740 1269 874 1350 vestigia
892 1267 1052 1350 presserit,
1077 1274 1114 1333 ut
1135 1266 1185 1362 hie
1199 1284 1274 1346 quo·

155 1394 237 1458 ¹que
259 1376 413 1456 probetur
437 1376 618 1452 Tullianum
640 1376 736 1442 illud:
756 1371 1010 1458 ‘Theophrastus
1035 1375 1275 1442 mediocriterne

25 1469 32 1524 ‘³
95 1483 96 1486 ’
172 1482 322 1565 delectat,
358 1500 428 1548 cum
451 1486 569 1549 tractat
600 1484 687 1548 locos
714 1482 753 1549 ab
776 1483 948 1550 Aristotele
976 1487 1050 1548 ante
1078 1475 1276 1549 tractatosi'

28 1595 32 1620 ³
173 1591 216 1657 de
236 1590 289 1655 fin.
312 1589 337 1668 I,
358 1595 387 1652 6.
430 1589 477 1654 De
498 1589 638 1653 amicitia
660 1585 787 1668 quidem
818 1589 1019 1670 disputantes
1033 1629 1035 1632 v
1049 1587 1117 1654 fieri
1139 1607 1201 1655 nen
1220 1607 1275 1668 po-

174 1699 239 1764 tuit
267 1695 344 1779 quin
380 1695 664 1762 diversissimarum
696 1697 873 1762 scholarum
903 1700 1075 1763 sectatores
1104 1697 1214 1764 multis
1245 1699 1276 1763 in

175 1805 271 1870 rebus
303 1804 523 1870 consentirent.
575 1802 637 1870 Sed
672 1809 788 1884 tamen,
825 1810 862 1870 ut
893 1823 991 1897 unum
1023 1803 1201 1883 afferamus,
1239 1808 1278 1871 de

179 1916 353 1988 amicorum
375 1913 579 1978 multitudine
607 1915 715 1978 utrum
746 1918 830 1980 esset
858 1914 1041 1995 quaerenda
1061 1932 1103 1978 an
1136 1914 1275 1993 vitanda,

177 2039 240 2087 non
263 2040 371 2087 omnes
400 2039 501 2102 aeque
534 2020 725 2086 iudicabant.
769 2022 971 2089 Aristotelem
1002 2021 1129 2102 quidem
1161 2023 1278 2103 quique

177 2148 249 2194 eum
282 2129 496 2212 sequebantur
524 2128 725 2211 Peripatetici
757 2129 936 2210 philosophi
953 2131 1073 2195 'veram
1104 2130 1275 2202 amicitiam

177 2238 339 2303 nisiinter
360 2256 477 2320 paucos
497 2240 607 2304 extare
629 2256 691 2303 non
712 2255 806 2319 posse
820 2239 976 2306 iudicasse
991 2240 1200 2308 certissimum
1217 2244 1276 2304 est.

177 2346 259 2411 vide
282 2345 356 2410 Eth.
378 2345 446 2411 Nic.
470 2344 555 2426 VIII,
578 2349 596 2408 'l
617 2363 649 2426 p.
674 2348 775 2408 11582
799 2351 838 2410 10
859 2345 998 2424 πολλοῖς
1019 2345 1047 2411 δ’
1071 2337 1155 2411 εἶναι
1176 2345 1282 2432 φίλον,

176 2448 258 2518 κατὰ
285 2449 346 2538 τήν
365 2452 492 2519 τελείαν
514 2453 625 2541 φιλίαν
654 2445 714 2520 οὐκ
748 2453 916 2536 ἐνδέχεται,
949 2450 1062 2538 ὥσπερ
1095 2446 1163 2520 οὐδ’
1200 2454 1276 2538 ἐρᾶν

177 2561 311 2626 πολλῶν
339 2556 417 2645 ἅμα.
444 2563 500 2644 IX,
536 2568 575 2629 10
605 2582 636 2644 p.
666 2568 769 2627 1171ει
793 2569 832 2628 14
860 2563 902 2630 δι’
932 2554 1051 2647 οίρετὴν
1078 2559 1114 2626 δὲ
1145 2561 1200 2626 καί
1232 2563 1273 2628 δι’

176 2663 294 2748 αὐτοῦς
315 2661 374 2735 οὐκ
396 2657 470 2736 ἔστι
489 2666 576 2753 πρὸς
598 2665 755 2748 πολλούς,
789 2664 955 2755 ἀγαπητὸν
989 2669 1026 2735 δὲ
1057 2667 1111 2732 ναί
1143 2659 1274 2752 ὀλίγους

178 2775 283 2859 εὑρεῖν
303 2772 484 2854 τοιούτους.
526 2780 563 2843 In
587 2779 669 2843 hanc
690 2780 880 2845 sententiam
902 2777 1006 2844 dicere
1027 2777 1155 2842 solitum
1176 2775 1276 2842 luisse

182 2887 383 2954 Aristotelem
406 2869 432 2970 ᾦ
453 2884 546 2970 φίλοι
576 2875 683 2962 οὐδεὶς
713 2884 809 2971 φίλος
831 2885 1005 2953 Favorinus
1035 2885 1275 2951 commentario·

178 3013 247 3059 rum
269 2993 339 3078 ΠΙ)
362 2995 515 3061 narravit.
558 2994 653 3060 Stoici
677 3000 787 3062 contra
808 2995 925 3062 multos
951 2995 1069 3060 amicos
1091 2994 1276 3074 conquiren-

180 3104 235 3170 dos
257 3122 326 3169 esse
346 3102 536 3169 iudicabant.
580 3103 727 3170 Laertius
746 3103 816 3186 VH,
842 3107 901 3167 124
933 3101 1063 3191 λέγουσι
1081 3101 1117 3166 δὲ
1139 3099 1193 3165 καί
1214 3095 1275 3186 τήν
1346 3172 1349 3179 ⁴

101 3265 110 3277 ι
180 3209 288 3294 φιλίαν
312 3207 347 3274 ἐν
367 3203 482 3292 μόνοις
500 3212 572 3285 τοῖς
593 3209 788 3287 σπουδαίοις
810 3200 893 3274 εἶναι
914 3203 968 3274 διὰ
993 3203 1054 3293 τήν
1076 3203 1272 3294 ὁμοιότητα·

180 3316 260 3402 φασί
279 3316 306 3380 d’
328 3307 428 3400 αὐτὴν
442 3315 613 3380 κοινωνίαν
627 3312 699 3381 τινὰ
721 3308 804 3382 εἶναι
824 3318 891 3380 τῶν
907 3313 989 3381 κατὰ
1008 3313 1066 3382 τὸν
1086 3315 1168 3398 βίον,
1190 3341 1275 3400 χρω-

181 3425 285 3509 μένων
307 3420 401 3510 ἡμῶν
426 3429 499 3502 τοῖς
520 3424 631 3511 φίλοις
654 3420 706 3502 -υίς
728 3422 875 3504 ἑαυτοῖς
903 3425 944 3492 δι’
966 3419 1066 3492 αὐτόν
1086 3426 1122 3493 θ’
1146 3421 1276 3508 αίρετόν

40 3523 89 3603 ²¹2*-
171 3529 234 3599 ’τὸν
256 3530 359 3618 φίλον·
375 3524 617 3618 ἀποφαίνονται
637 3531 692 3597 καί
709 3529 768 3618 τὴν
798 3531 997 3620 πολυφιλίαν
1023 3524 1151 3617 ἀγαθόν
1171 3531 1238 3598 κτλ.
1251 3533 1275 3614 ²)

182 3703 378 3716 ——-——

279 3809 303 3880 1)
322 3808 415 3862 Ladrt.
428 3807 461 3876 V,
480 3809 522 3862 21.
542 3837 576 3846 -
594 3807 656 3864 Hoc
674 3807 926 3878 Peripateticorum
944 3807 980 3863 de
997 3805 1121 3863 amicitia
1138 3804 1274 3861 iudicium

179 3907 268 3962 neseio
286 3924 322 3961 an
341 3904 480 3960 luvenalis
499 3903 655 3974 respexerit
674 3907 726 3959 eat.
744 3903 793 3968 III,
815 3905 880 3958 120:
898 3903 1095 3972 Hermarchus,

325 4001 377 4068 Qui
397 3999 491 4070 gentis
510 3999 580 4057 vitio
599 4017 750 4070 numquam
767 4000 890 4070 partitur
908 3999 1037 4063 amicum,

324 4096 405 4150 Solus
423 4095 517 4151 habet.

278 4191 305 4259 2)
320 4191 417 4262 Neque
434 4193 528 4248 temen
545 4190 664 4247 aliorum
682 4195 795 4262 praeter
812 4190 936 4247 Platonis
959 4195 1108 4264 praecepte
1127 4193 1158 4247 in
1176 4195 1269 4247 mente

1168 4508 1414 4826 i*
