<?xml version="1.0" encoding="UTF-8"?>
<!DOCTYPE html PUBLIC "-//W3C//DTD XHTML 1.0 Transitional//EN"
    "http://www.w3.org/TR/xhtml1/DTD/xhtml1-transitional.dtd">
<html xmlns="http://www.w3.org/1999/xhtml" xml:lang="en" lang="en">
 <head>
  <title>
</title>
<meta http-equiv="Content-Type" content="text/html;charset=utf-8" />
  <meta name='ocr-system' content='tesseract 3.04.00' />
  <meta name='ocr-capabilities' content='ocr_page ocr_carea ocr_par ocr_line ocrx_word'/>
</head>
<body>
  <div class='ocr_page' id='page_1' title='image "./detheophrastili00heylgoog_0023.png"; bbox 0 0 2910 4908; ppageno 0'>
   <div class='ocr_carea' id='block_1_1' title="bbox 23 2 289 420">
    <p class='ocr_par' dir='ltr' id='par_1_1' title="bbox 23 1 595 428">
     <span class='ocr_line' id='line_1_1' title="bbox 23 2 289 420; baseline -0.003 -415"><span class='ocrx_word' id='word_1_1' title='bbox 23 2 289 420; x_wconf 21' lang='grc' dir='ltr'>ἐή</span> 
     </span>
    </p>
   </div>
   <div class='ocr_carea' id='block_1_2' title="bbox 23 421 1264 1956">
    <p class='ocr_par' dir='ltr' id='par_1_2' title="bbox 23 421 1264 1956">
     <span class='ocr_line' id='line_1_2' title="bbox 23 421 1204 764; baseline 0 -123"><span class='ocrx_word' id='word_1_2' title='bbox 23 421 48 764; x_wconf 65' lang='lat' dir='ltr'><em>I</em></span> <span class='ocrx_word' id='word_1_3' title='bbox 88 578 169 658; x_wconf 87' lang='lat' dir='ltr'>piar</span> <span class='ocrx_word' id='word_1_4' title='bbox 205 578 336 658; x_wconf 83' lang='lat' dir='ltr'>aliquod</span> <span class='ocrx_word' id='word_1_5' title='bbox 360 579 514 644; x_wconf 88' lang='lat' dir='ltr'>intuetur</span> <span class='ocrx_word' id='word_1_6' title='bbox 545 577 618 643; x_wconf 86' lang='lat' dir='ltr'>sui¹.</span> <span class='ocrx_word' id='word_1_7' title='bbox 664 577 874 660; x_wconf 80' lang='lat' dir='ltr'><strong>Theophrasti</strong></span> <span class='ocrx_word' id='word_1_8' title='bbox 906 575 1042 644; x_wconf 86' lang='lat' dir='ltr'>fortasse</span> <span class='ocrx_word' id='word_1_9' title='bbox 1063 578 1114 643; x_wconf 83' lang='lat' dir='ltr'>vel</span> <span class='ocrx_word' id='word_1_10' title='bbox 1137 579 1204 643; x_wconf 92' lang='lat' dir='ltr'>eius</span> 
     </span>
     <span class='ocr_line' id='line_1_3' title="bbox 23 684 1205 770; baseline 0.002 -22"><span class='ocrx_word' id='word_1_11' title='bbox 23 727 38 770; x_wconf 8' lang='grc' dir='ltr'>Ἴ,</span> <span class='ocrx_word' id='word_1_12' title='bbox 92 703 228 750; x_wconf 88' lang='lat' dir='ltr'>memor</span> <span class='ocrx_word' id='word_1_13' title='bbox 248 703 298 750; x_wconf 86' lang='lat' dir='ltr'>ex</span> <span class='ocrx_word' id='word_1_14' title='bbox 318 686 407 751; x_wconf 88' lang='lat' dir='ltr'>cuius</span> <span class='ocrx_word' id='word_1_15' title='bbox 439 685 527 752; x_wconf 88' lang='lat' dir='ltr'>libris</span> <span class='ocrx_word' id='word_1_16' title='bbox 550 684 788 768; x_wconf 88' lang='lat' dir='ltr'>Theophrastea</span> <span class='ocrx_word' id='word_1_17' title='bbox 820 690 1018 768; x_wconf 80' lang='lat' dir='ltr'>cognoverat,</span> <span class='ocrx_word' id='word_1_18' title='bbox 1051 685 1205 768; x_wconf 85' lang='lat' dir='ltr'>Hierony·</span> 
     </span>
     <span class='ocr_line' id='line_1_4' title="bbox 93 791 1264 884; baseline 0 -28"><span class='ocrx_word' id='word_1_19' title='bbox 93 811 174 858; x_wconf 90' lang='lat' dir='ltr'>mus</span> <span class='ocrx_word' id='word_1_20' title='bbox 197 792 323 875; x_wconf 80' lang='lat' dir='ltr'>scripsit</span> <span class='ocrx_word' id='word_1_21' title='bbox 342 798 507 860; x_wconf 84' lang='lat' dir='ltr'><strong>comment.</strong></span> <span class='ocrx_word' id='word_1_22' title='bbox 535 794 566 884; x_wconf 86' lang='lat' dir='ltr'>in</span> <span class='ocrx_word' id='word_1_23' title='bbox 588 792 682 858; x_wconf 90' lang='lat' dir='ltr'>Mich.</span> <span class='ocrx_word' id='word_1_24' title='bbox 705 792 746 872; x_wconf 91' lang='lat' dir='ltr'>II,</span> <span class='ocrx_word' id='word_1_25' title='bbox 770 797 788 854; x_wconf 84' lang='lat'><strong>7</strong></span> <span class='ocrx_word' id='word_1_26' title='bbox 812 795 869 860; x_wconf 91' lang='lat' dir='ltr'>col.</span> <span class='ocrx_word' id='word_1_27' title='bbox 884 795 944 858; x_wconf 83' lang='lat'>516</span> <span class='ocrx_word' id='word_1_28' title='bbox 967 791 1066 858; x_wconf 88' lang='lat' dir='ltr'>Vall.:</span> <span class='ocrx_word' id='word_1_29' title='bbox 1086 791 1205 859; x_wconf 83' lang='lat' dir='ltr'>‘Inter-</span> <span class='ocrx_word' id='word_1_30' title='bbox 1261 831 1264 838; x_wconf 93' lang='lat'>·</span> 
     </span>
     <span class='ocr_line' id='line_1_5' title="bbox 95 901 1203 985; baseline 0 -19"><span class='ocrx_word' id='word_1_31' title='bbox 95 906 239 984; x_wconf 83' lang='lat' dir='ltr'>rogatus</span> <span class='ocrx_word' id='word_1_32' title='bbox 272 903 411 983; x_wconf 89' lang='lat' dir='ltr'>quidam,</span> <span class='ocrx_word' id='word_1_33' title='bbox 445 903 520 983; x_wconf 89' lang='lat' dir='ltr'>quid</span> <span class='ocrx_word' id='word_1_34' title='bbox 552 908 638 969; x_wconf 88' lang='lat' dir='ltr'>esset</span> <span class='ocrx_word' id='word_1_35' title='bbox 658 903 787 983; x_wconf 88' lang='lat' dir='ltr'>amicus,</span> <span class='ocrx_word' id='word_1_36' title='bbox 822 901 986 985; x_wconf 89' lang='lat' dir='ltr'>respondit</span> <span class='ocrx_word' id='word_1_37' title='bbox 1016 902 1098 968; x_wconf 83' lang='lat' dir='ltr'>alter</span> <span class='ocrx_word' id='word_1_38' title='bbox 1118 903 1203 985; x_wconf 80' lang='lat' dir='ltr'>ego&#39;.</span> 
     </span>
     <span class='ocr_line' id='line_1_6' title="bbox 96 1009 1205 1092; baseline 0 -17"><span class='ocrx_word' id='word_1_39' title='bbox 96 1009 253 1091; x_wconf 87' lang='lat' dir='ltr'>Namque</span> <span class='ocrx_word' id='word_1_40' title='bbox 274 1009 485 1091; x_wconf 84' lang='lat' dir='ltr'>Theophrasti</span> <span class='ocrx_word' id='word_1_41' title='bbox 520 1027 633 1077; x_wconf 89' lang='lat' dir='ltr'>nomen</span> <span class='ocrx_word' id='word_1_42' title='bbox 655 1009 855 1092; x_wconf 78' lang='lat' dir='ltr'>paucissimis</span> <span class='ocrx_word' id='word_1_43' title='bbox 890 1010 1032 1076; x_wconf 87' lang='lat' dir='ltr'>versibus</span> <span class='ocrx_word' id='word_1_44' title='bbox 1056 1015 1131 1075; x_wconf 85' lang='lat' dir='ltr'>ante</span> <span class='ocrx_word' id='word_1_45' title='bbox 1153 1027 1205 1075; x_wconf 92' lang='lat' dir='ltr'>no·</span> 
     </span>
     <span class='ocr_line' id='line_1_7' title="bbox 96 1117 1035 1211; baseline -0.002 -27"><span class='ocrx_word' id='word_1_46' title='bbox 96 1120 285 1201; x_wconf 80' lang='lat' dir='ltr'>minaverat</span> <span class='ocrx_word' id='word_1_47' title='bbox 304 1117 524 1200; x_wconf 85' lang='lat' dir='ltr'>Hieronymus.</span> <span class='ocrx_word' id='word_1_48' title='bbox 1032 1206 1035 1211; x_wconf 20' lang='grc' dir='ltr'>Ι</span> 
     </span>
     <span class='ocr_line' id='line_1_8' title="bbox 207 1208 1206 1313; baseline -0.001 -21"><span class='ocrx_word' id='word_1_49' title='bbox 207 1226 354 1293; x_wconf 84' lang='lat' dir='ltr'>Alterum</span> <span class='ocrx_word' id='word_1_50' title='bbox 376 1226 576 1308; x_wconf 87' lang='lat' dir='ltr'>proverbium</span> <span class='ocrx_word' id='word_1_51' title='bbox 611 1231 660 1292; x_wconf 89' lang='lat' dir='ltr'>est</span> <span class='ocrx_word' id='word_1_52' title='bbox 681 1208 740 1309; x_wconf 78' lang='grc' dir='ltr'>μία</span> <span class='ocrx_word' id='word_1_53' title='bbox 761 1221 852 1311; x_wconf 77' lang='grc' dir='ltr'>ψυχὴ</span> <span class='ocrx_word' id='word_1_54' title='bbox 882 1224 916 1292; x_wconf 80' lang='grc' dir='ltr'>ἒν</span> <span class='ocrx_word' id='word_1_55' title='bbox 935 1225 1067 1292; x_wconf 77' lang='grc' dir='ltr'>πλείοσι</span> <span class='ocrx_word' id='word_1_56' title='bbox 1095 1226 1206 1313; x_wconf 80' lang='grc' dir='ltr'>διῃρη-</span> 
     </span>
     <span class='ocr_line' id='line_1_9' title="bbox 81 1327 1205 1418; baseline 0 -19"><span class='ocrx_word' id='word_1_57' title='bbox 81 1334 185 1418; x_wconf 79' lang='grc' dir='ltr'><em>-μένη</em></span> <span class='ocrx_word' id='word_1_58' title='bbox 212 1327 360 1417; x_wconf 83' lang='grc' dir='ltr'>σώμασιν</span> <span class='ocrx_word' id='word_1_59' title='bbox 375 1334 399 1416; x_wconf 82' lang='lat'>¹)</span> <span class='ocrx_word' id='word_1_60' title='bbox 430 1333 513 1417; x_wconf 91' lang='lat' dir='ltr'>qnod</span> <span class='ocrx_word' id='word_1_61' title='bbox 534 1333 729 1417; x_wconf 83' lang='lat' dir='ltr'>significatur</span> <span class='ocrx_word' id='word_1_62' title='bbox 764 1334 804 1401; x_wconf 88' lang='lat' dir='ltr'>ab</span> <span class='ocrx_word' id='word_1_63' title='bbox 826 1333 1000 1401; x_wconf 76' lang='lat' dir='ltr'>Aristotele</span> <span class='ocrx_word' id='word_1_64' title='bbox 1031 1333 1106 1400; x_wconf 84' lang='lat' dir='ltr'>Eth.</span> <span class='ocrx_word' id='word_1_65' title='bbox 1138 1334 1205 1400; x_wconf 88' lang='lat' dir='ltr'>Nic.</span> 
     </span>
     <span class='ocr_line' id='line_1_10' title="bbox 97 1438 1205 1529; baseline 0 -21"><span class='ocrx_word' id='word_1_66' title='bbox 97 1441 149 1508; x_wconf 85' lang='lat' dir='ltr'>IX</span> <span class='ocrx_word' id='word_1_67' title='bbox 174 1447 240 1526; x_wconf 77' lang='lat' dir='ltr'>Sp.</span> <span class='ocrx_word' id='word_1_68' title='bbox 266 1443 408 1508; x_wconf 66' lang='lat'>1168127</span> <span class='ocrx_word' id='word_1_69' title='bbox 442 1443 547 1510; x_wconf 81' lang='lat' dir='ltr'>verbis</span> <span class='ocrx_word' id='word_1_70' title='bbox 566 1443 626 1526; x_wconf 82' lang='grc' dir='ltr'>μία</span> <span class='ocrx_word' id='word_1_71' title='bbox 649 1438 748 1529; x_wconf 76' lang='grc' dir='ltr'><em>ψυχή,</em></span> <span class='ocrx_word' id='word_1_72' title='bbox 783 1445 944 1527; x_wconf 84' lang='lat' dir='ltr'>integrum</span> <span class='ocrx_word' id='word_1_73' title='bbox 974 1443 1090 1524; x_wconf 83' lang='lat' dir='ltr'>legitur</span> <span class='ocrx_word' id='word_1_74' title='bbox 1119 1442 1205 1525; x_wconf 85' lang='lat' dir='ltr'>apud</span> 
     </span>
     <span class='ocr_line' id='line_1_11' title="bbox 101 1547 1206 1631; baseline 0.005 -21"><span class='ocrx_word' id='word_1_75' title='bbox 101 1547 318 1614; x_wconf 83' lang='lat' dir='ltr'>Plutarchum</span> <span class='ocrx_word' id='word_1_76' title='bbox 353 1550 393 1615; x_wconf 88' lang='lat' dir='ltr'>de</span> <span class='ocrx_word' id='word_1_77' title='bbox 415 1567 478 1614; x_wconf 91' lang='lat' dir='ltr'>am.</span> <span class='ocrx_word' id='word_1_78' title='bbox 499 1554 528 1615; x_wconf 82' lang='lat'>8.</span> <span class='ocrx_word' id='word_1_79' title='bbox 551 1548 697 1616; x_wconf 87' lang='lat' dir='ltr'>Dubitari</span> <span class='ocrx_word' id='word_1_80' title='bbox 732 1550 854 1631; x_wconf 87' lang='lat' dir='ltr'>nequit,</span> <span class='ocrx_word' id='word_1_81' title='bbox 886 1550 962 1631; x_wconf 91' lang='lat' dir='ltr'>quin</span> <span class='ocrx_word' id='word_1_82' title='bbox 994 1551 1026 1615; x_wconf 89' lang='lat' dir='ltr'>id</span> <span class='ocrx_word' id='word_1_83' title='bbox 1048 1549 1206 1617; x_wconf 81' lang='lat' dir='ltr'>Ciceronis</span> 
     </span>
     <span class='ocr_line' id='line_1_12' title="bbox 100 1655 1206 1735; baseline 0.003 -15"><span class='ocrx_word' id='word_1_84' title='bbox 100 1656 212 1721; x_wconf 90' lang='lat' dir='ltr'>animo</span> <span class='ocrx_word' id='word_1_85' title='bbox 234 1656 436 1721; x_wconf 84' lang='lat' dir='ltr'>obversatum</span> <span class='ocrx_word' id='word_1_86' title='bbox 450 1655 546 1722; x_wconf 83' lang='lat' dir='ltr'>luerit</span> <span class='ocrx_word' id='word_1_87' title='bbox 560 1656 725 1723; x_wconf 84' lang='lat' dir='ltr'>scribentis</span> <span class='ocrx_word' id='word_1_88' title='bbox 747 1657 765 1735; x_wconf 69' lang='lat' dir='ltr'>§J</span> <span class='ocrx_word' id='word_1_89' title='bbox 786 1660 839 1720; x_wconf 82' lang='lat'>92:</span> <span class='ocrx_word' id='word_1_90' title='bbox 866 1656 958 1721; x_wconf 78' lang='lat' dir='ltr'>‘curn</span> <span class='ocrx_word' id='word_1_91' title='bbox 982 1658 1137 1724; x_wconf 86' lang='lat' dir='ltr'>amicitiae</span> <span class='ocrx_word' id='word_1_92' title='bbox 1160 1657 1206 1723; x_wconf 83' lang='lat' dir='ltr'>vis</span> 
     </span>
     <span class='ocr_line' id='line_1_13' title="bbox 103 1762 1203 1846; baseline 0 -18"><span class='ocrx_word' id='word_1_93' title='bbox 103 1763 150 1828; x_wconf 86' lang='lat' dir='ltr'>sit</span> <span class='ocrx_word' id='word_1_94' title='bbox 173 1763 204 1827; x_wconf 92' lang='lat' dir='ltr'>in</span> <span class='ocrx_word' id='word_1_95' title='bbox 227 1779 273 1843; x_wconf 92' lang='lat' dir='ltr'>eo,</span> <span class='ocrx_word' id='word_1_96' title='bbox 305 1767 342 1828; x_wconf 91' lang='lat' dir='ltr'>ut</span> <span class='ocrx_word' id='word_1_97' title='bbox 362 1780 445 1830; x_wconf 89' lang='lat' dir='ltr'>unus</span> <span class='ocrx_word' id='word_1_98' title='bbox 466 1766 556 1846; x_wconf 87' lang='lat' dir='ltr'>quasi</span> <span class='ocrx_word' id='word_1_99' title='bbox 590 1765 714 1830; x_wconf 89' lang='lat' dir='ltr'>animus</span> <span class='ocrx_word' id='word_1_100' title='bbox 734 1762 792 1830; x_wconf 90' lang='lat' dir='ltr'>fiat</span> <span class='ocrx_word' id='word_1_101' title='bbox 814 1782 854 1829; x_wconf 84' lang='lat' dir='ltr'>ex</span> <span class='ocrx_word' id='word_1_102' title='bbox 874 1764 1030 1846; x_wconf 88' lang='lat' dir='ltr'>pluribus‘</span> <span class='ocrx_word' id='word_1_103' title='bbox 1068 1768 1101 1831; x_wconf 89' lang='lat' dir='ltr'>et</span> <span class='ocrx_word' id='word_1_104' title='bbox 1121 1767 1142 1846; x_wconf 64' lang='grc' dir='ltr'>ξ</span> <span class='ocrx_word' id='word_1_105' title='bbox 1165 1768 1203 1829; x_wconf 86' lang='grc'>81</span> 
     </span>
     <span class='ocr_line' id='line_1_14' title="bbox 103 1869 1206 1956; baseline 0.004 -20"><span class='ocrx_word' id='word_1_106' title='bbox 103 1869 230 1954; x_wconf 88' lang='lat' dir='ltr'>(homo)</span> <span class='ocrx_word' id='word_1_107' title='bbox 259 1869 332 1952; x_wconf 89' lang='lat' dir='ltr'>‘qui</span> <span class='ocrx_word' id='word_1_108' title='bbox 366 1874 399 1938; x_wconf 84' lang='lat' dir='ltr'>et</span> <span class='ocrx_word' id='word_1_109' title='bbox 430 1891 464 1940; x_wconf 89' lang='lat' dir='ltr'>se</span> <span class='ocrx_word' id='word_1_110' title='bbox 490 1873 557 1954; x_wconf 90' lang='lat' dir='ltr'>ipse</span> <span class='ocrx_word' id='word_1_111' title='bbox 579 1873 689 1956; x_wconf 84' lang='lat' dir='ltr'>diligit,</span> <span class='ocrx_word' id='word_1_112' title='bbox 722 1877 755 1939; x_wconf 86' lang='lat' dir='ltr'>et</span> <span class='ocrx_word' id='word_1_113' title='bbox 776 1873 913 1939; x_wconf 85' lang='lat' dir='ltr'>alterurn</span> <span class='ocrx_word' id='word_1_114' title='bbox 936 1873 1085 1956; x_wconf 83' lang='lat' dir='ltr'>anquirit,</span> <span class='ocrx_word' id='word_1_115' title='bbox 1116 1873 1206 1940; x_wconf 90' lang='lat' dir='ltr'>cuius</span> 
     </span>
    </p>
   </div>
   <div class='ocr_carea' id='block_1_3' title="bbox 640 397 678 459">
    <p class='ocr_par' dir='ltr' id='par_1_3' title="bbox 640 397 678 459">
     <span class='ocr_line' id='line_1_15' title="bbox 640 397 678 459; baseline 0.053 -2"><span class='ocrx_word' id='word_1_116' title='bbox 640 397 678 459; x_wconf 87' lang='grc'>19</span> 
     </span>
    </p>
   </div>
   <div class='ocr_carea' id='block_1_4' title="bbox 105 1977 1206 2152">
    <p class='ocr_par' dir='ltr' id='par_1_4' title="bbox 105 1977 1206 2152">
     <span class='ocr_line' id='line_1_16' title="bbox 106 1977 1206 2064; baseline 0.002 -20"><span class='ocrx_word' id='word_1_117' title='bbox 106 1977 252 2044; x_wconf 88' lang='lat' dir='ltr'>animum</span> <span class='ocrx_word' id='word_1_118' title='bbox 286 1979 331 2044; x_wconf 87' lang='lat' dir='ltr'>ita</span> <span class='ocrx_word' id='word_1_119' title='bbox 362 1996 434 2046; x_wconf 86' lang='lat' dir='ltr'>cunr</span> <span class='ocrx_word' id='word_1_120' title='bbox 463 1997 520 2046; x_wconf 87' lang='lat' dir='ltr'>suo</span> <span class='ocrx_word' id='word_1_121' title='bbox 541 1980 680 2064; x_wconf 89' lang='lat' dir='ltr'>misceat,</span> <span class='ocrx_word' id='word_1_122' title='bbox 712 1985 751 2045; x_wconf 90' lang='lat' dir='ltr'>ut</span> <span class='ocrx_word' id='word_1_123' title='bbox 772 1980 889 2047; x_wconf 87' lang='lat' dir='ltr'>efficiat</span> <span class='ocrx_word' id='word_1_124' title='bbox 918 1999 1018 2062; x_wconf 88' lang='lat' dir='ltr'>paene</span> <span class='ocrx_word' id='word_1_125' title='bbox 1047 1998 1145 2046; x_wconf 89' lang='lat' dir='ltr'>unum</span> <span class='ocrx_word' id='word_1_126' title='bbox 1167 1998 1206 2046; x_wconf 86' lang='lat' dir='ltr'>ex</span> 
     </span>
     <span class='ocr_line' id='line_1_17' title="bbox 105 2085 259 2152; baseline 0.019 -2"><span class='ocrx_word' id='word_1_127' title='bbox 105 2085 259 2152; x_wconf 82' lang='lat' dir='ltr'>duobus&#39;.</span> 
     </span>
    </p>
   </div>
   <div class='ocr_carea' id='block_1_5' title="bbox 106 2193 1259 2497">
    <p class='ocr_par' dir='ltr' id='par_1_5' title="bbox 106 2193 1259 2497">
     <span class='ocr_line' id='line_1_18' title="bbox 211 2193 1259 2274; baseline 0.001 -16"><span class='ocrx_word' id='word_1_128' title='bbox 211 2193 346 2260; x_wconf 85' lang='lat' dir='ltr'>Etiamsi</span> <span class='ocrx_word' id='word_1_129' title='bbox 368 2194 466 2274; x_wconf 85' lang='lat' dir='ltr'>igitur</span> <span class='ocrx_word' id='word_1_130' title='bbox 501 2193 658 2260; x_wconf 89' lang='lat' dir='ltr'>amicitias</span> <span class='ocrx_word' id='word_1_131' title='bbox 690 2194 839 2262; x_wconf 88' lang='lat' dir='ltr'>utilitatis</span> <span class='ocrx_word' id='word_1_132' title='bbox 872 2213 968 2262; x_wconf 88' lang='lat' dir='ltr'>causa</span> <span class='ocrx_word' id='word_1_133' title='bbox 999 2195 1208 2263; x_wconf 86' lang='lat' dir='ltr'>conciliandas</span> <span class='ocrx_word' id='word_1_134' title='bbox 1255 2254 1259 2259; x_wconf 88' lang='lat'>.</span> 
     </span>
     <span class='ocr_line' id='line_1_19' title="bbox 107 2301 1207 2386; baseline 0.004 -19"><span class='ocrx_word' id='word_1_135' title='bbox 107 2321 173 2367; x_wconf 92' lang='lat' dir='ltr'>non</span> <span class='ocrx_word' id='word_1_136' title='bbox 195 2321 265 2370; x_wconf 89' lang='lat' dir='ltr'>esse</span> <span class='ocrx_word' id='word_1_137' title='bbox 286 2302 456 2384; x_wconf 87' lang='lat' dir='ltr'>scriptores</span> <span class='ocrx_word' id='word_1_138' title='bbox 483 2301 531 2367; x_wconf 93' lang='lat' dir='ltr'>illi</span> <span class='ocrx_word' id='word_1_139' title='bbox 551 2320 614 2368; x_wconf 91' lang='lat' dir='ltr'>uno</span> <span class='ocrx_word' id='word_1_140' title='bbox 637 2321 691 2369; x_wconf 93' lang='lat' dir='ltr'>ore</span> <span class='ocrx_word' id='word_1_141' title='bbox 712 2303 956 2385; x_wconf 83' lang='lat' dir='ltr'>praecipiebant,</span> <span class='ocrx_word' id='word_1_142' title='bbox 990 2305 1079 2386; x_wconf 89' lang='lat' dir='ltr'>sequi</span> <span class='ocrx_word' id='word_1_143' title='bbox 1100 2309 1207 2372; x_wconf 88' lang='lat' dir='ltr'>tamen</span> 
     </span>
     <span class='ocr_line' id='line_1_20' title="bbox 106 2409 1206 2497; baseline 0 -21"><span class='ocrx_word' id='word_1_144' title='bbox 106 2428 266 2477; x_wconf 89' lang='lat' dir='ltr'>summam</span> <span class='ocrx_word' id='word_1_145' title='bbox 290 2410 461 2476; x_wconf 87' lang='lat' dir='ltr'>utilitatem</span> <span class='ocrx_word' id='word_1_146' title='bbox 485 2428 547 2476; x_wconf 94' lang='lat' dir='ltr'>non</span> <span class='ocrx_word' id='word_1_147' title='bbox 565 2411 735 2494; x_wconf 84' lang='lat' dir='ltr'>negabant.</span> <span class='ocrx_word' id='word_1_148' title='bbox 773 2409 857 2478; x_wconf 87' lang='lat' dir='ltr'>Plut.</span> <span class='ocrx_word' id='word_1_149' title='bbox 881 2413 921 2479; x_wconf 90' lang='lat' dir='ltr'>de</span> <span class='ocrx_word' id='word_1_150' title='bbox 944 2412 1029 2478; x_wconf 89' lang='lat' dir='ltr'>adul.</span> <span class='ocrx_word' id='word_1_151' title='bbox 1049 2416 1081 2478; x_wconf 92' lang='lat' dir='ltr'>et</span> <span class='ocrx_word' id='word_1_152' title='bbox 1103 2431 1164 2497; x_wconf 83' lang='lat' dir='ltr'>am.</span> <span class='ocrx_word' id='word_1_153' title='bbox 1188 2416 1206 2476; x_wconf 81' lang='lat' dir='ltr'>b</span> 
     </span>
    </p>
   </div>
   <div class='ocr_carea' id='block_1_6' title="bbox 104 2512 1204 2818">
    <p class='ocr_par' dir='ltr' id='par_1_6' title="bbox 104 2512 1204 2818">
     <span class='ocr_line' id='line_1_21' title="bbox 106 2512 1204 2607; baseline 0.005 -25"><span class='ocrx_word' id='word_1_154' title='bbox 106 2512 241 2603; x_wconf 80' lang='grc' dir='ltr'><strong><em>ἡχάρις</em></strong></span> <span class='ocrx_word' id='word_1_155' title='bbox 255 2520 280 2602; x_wconf 77' lang='lat'>²)</span> <span class='ocrx_word' id='word_1_156' title='bbox 311 2516 365 2583; x_wconf 83' lang='grc' dir='ltr'>καὶ</span> <span class='ocrx_word' id='word_1_157' title='bbox 389 2513 407 2604; x_wconf 80' lang='grc' dir='ltr'><em>ἡ</em></span> <span class='ocrx_word' id='word_1_158' title='bbox 429 2516 521 2601; x_wconf 84' lang='grc' dir='ltr'><strong><em>χρεία</em></strong></span> <span class='ocrx_word' id='word_1_159' title='bbox 549 2521 591 2607; x_wconf 78' lang='grc' dir='ltr'>τῇ</span> <span class='ocrx_word' id='word_1_160' title='bbox 618 2518 713 2606; x_wconf 75' lang='grc' dir='ltr'>φιλίᾳ</span> <span class='ocrx_word' id='word_1_161' title='bbox 734 2519 927 2601; x_wconf 78' lang='grc' dir='ltr'><strong><em>παρέπεται.</em></strong></span> <span class='ocrx_word' id='word_1_162' title='bbox 982 2521 1091 2589; x_wconf 86' lang='lat' dir='ltr'>Cicero</span> <span class='ocrx_word' id='word_1_163' title='bbox 1126 2521 1204 2604; x_wconf 78' lang='lat'>§51</span> 
     </span>
     <span class='ocr_line' id='line_1_22' title="bbox 104 2626 1203 2710; baseline 0.004 -18"><span class='ocrx_word' id='word_1_164' title='bbox 104 2627 187 2693; x_wconf 89' lang='lat' dir='ltr'>‘non</span> <span class='ocrx_word' id='word_1_165' title='bbox 208 2628 308 2710; x_wconf 86' lang='lat' dir='ltr'>igitur</span> <span class='ocrx_word' id='word_1_166' title='bbox 330 2626 503 2695; x_wconf 88' lang='lat' dir='ltr'>utilitatem</span> <span class='ocrx_word' id='word_1_167' title='bbox 526 2626 674 2708; x_wconf 88' lang='lat' dir='ltr'>amicitia,</span> <span class='ocrx_word' id='word_1_168' title='bbox 695 2628 751 2694; x_wconf 89' lang='lat' dir='ltr'>sed</span> <span class='ocrx_word' id='word_1_169' title='bbox 768 2629 891 2695; x_wconf 88' lang='lat' dir='ltr'>utilitas</span> <span class='ocrx_word' id='word_1_170' title='bbox 912 2630 1082 2695; x_wconf 85' lang='lat' dir='ltr'>amicitiam</span> <span class='ocrx_word' id='word_1_171' title='bbox 1097 2647 1203 2696; x_wconf 90' lang='lat' dir='ltr'>conse·</span> 
     </span>
     <span class='ocr_line' id='line_1_23' title="bbox 107 2732 1203 2818; baseline 0.003 -19"><span class='ocrx_word' id='word_1_172' title='bbox 107 2738 183 2800; x_wconf 84' lang='lat' dir='ltr'>outa</span> <span class='ocrx_word' id='word_1_173' title='bbox 206 2735 282 2815; x_wconf 72' lang='lat' dir='ltr'>est’,</span> <span class='ocrx_word' id='word_1_174' title='bbox 326 2733 344 2814; x_wconf 58' lang='grc' dir='ltr'>ᾗ</span> <span class='ocrx_word' id='word_1_175' title='bbox 367 2735 407 2796; x_wconf 86' lang='grc'>86</span> <span class='ocrx_word' id='word_1_176' title='bbox 427 2732 513 2797; x_wconf 84' lang='lat' dir='ltr'>‘una</span> <span class='ocrx_word' id='word_1_177' title='bbox 535 2737 583 2798; x_wconf 90' lang='lat' dir='ltr'>est</span> <span class='ocrx_word' id='word_1_178' title='bbox 602 2733 685 2798; x_wconf 90' lang='lat' dir='ltr'>enim</span> <span class='ocrx_word' id='word_1_179' title='bbox 707 2734 847 2799; x_wconf 90' lang='lat' dir='ltr'>amicitia</span> <span class='ocrx_word' id='word_1_180' title='bbox 878 2735 909 2798; x_wconf 91' lang='lat' dir='ltr'>in</span> <span class='ocrx_word' id='word_1_181' title='bbox 931 2734 1026 2800; x_wconf 87' lang='lat' dir='ltr'>rebus</span> <span class='ocrx_word' id='word_1_182' title='bbox 1046 2735 1203 2818; x_wconf 90' lang='lat' dir='ltr'>humanis,</span> 
     </span>
    </p>
   </div>
   <div class='ocr_carea' id='block_1_7' title="bbox 106 2839 1207 3570">
    <p class='ocr_par' dir='ltr' id='par_1_7' title="bbox 106 2839 1207 3570">
     <span class='ocr_line' id='line_1_24' title="bbox 108 2839 1204 2934; baseline 0.004 -27"><span class='ocrx_word' id='word_1_183' title='bbox 108 2843 148 2907; x_wconf 88' lang='lat' dir='ltr'>de</span> <span class='ocrx_word' id='word_1_184' title='bbox 169 2841 260 2906; x_wconf 90' lang='lat' dir='ltr'>cuius</span> <span class='ocrx_word' id='word_1_185' title='bbox 282 2839 421 2906; x_wconf 88' lang='lat' dir='ltr'>utilitate</span> <span class='ocrx_word' id='word_1_186' title='bbox 442 2858 549 2907; x_wconf 90' lang='lat' dir='ltr'>omnes</span> <span class='ocrx_word' id='word_1_187' title='bbox 579 2859 642 2909; x_wconf 91' lang='lat' dir='ltr'>nno</span> <span class='ocrx_word' id='word_1_188' title='bbox 663 2859 717 2907; x_wconf 90' lang='lat' dir='ltr'>ore</span> <span class='ocrx_word' id='word_1_189' title='bbox 740 2842 952 2934; x_wconf 84' lang='lat' dir='ltr'>consentiunt&#39;</span> <span class='ocrx_word' id='word_1_190' title='bbox 967 2842 1004 2925; x_wconf 77' lang='lat'>⁸).</span> <span class='ocrx_word' id='word_1_191' title='bbox 1043 2842 1150 2924; x_wconf 82' lang='lat' dir='ltr'>Atque</span> <span class='ocrx_word' id='word_1_192' title='bbox 1171 2845 1204 2910; x_wconf 90' lang='lat' dir='ltr'>in</span> 
     </span>
     <span class='ocr_line' id='line_1_25' title="bbox 106 2946 1203 3032; baseline 0.007 -20"><span class='ocrx_word' id='word_1_193' title='bbox 106 2947 204 3012; x_wconf 90' lang='lat' dir='ltr'>huius</span> <span class='ocrx_word' id='word_1_194' title='bbox 236 2947 280 3011; x_wconf 89' lang='lat' dir='ltr'>rei</span> <span class='ocrx_word' id='word_1_195' title='bbox 315 2947 509 3028; x_wconf 85' lang='lat' dir='ltr'>expositione</span> <span class='ocrx_word' id='word_1_196' title='bbox 529 2946 637 3013; x_wconf 81' lang='lat' dir='ltr'>Cicero</span> <span class='ocrx_word' id='word_1_197' title='bbox 668 2951 701 3014; x_wconf 89' lang='lat' dir='ltr'>et</span> <span class='ocrx_word' id='word_1_198' title='bbox 722 2946 914 3014; x_wconf 86' lang='lat' dir='ltr'>Plutarchus</span> <span class='ocrx_word' id='word_1_199' title='bbox 948 2967 985 3015; x_wconf 91' lang='lat' dir='ltr'>eo</span> <span class='ocrx_word' id='word_1_200' title='bbox 1010 2968 1111 3032; x_wconf 89' lang='lat' dir='ltr'>usque</span> <span class='ocrx_word' id='word_1_201' title='bbox 1132 2970 1203 3019; x_wconf 91' lang='lat' dir='ltr'>con·</span> 
     </span>
     <span class='ocr_line' id='line_1_26' title="bbox 108 3053 1205 3137; baseline 0.006 -18"><span class='ocrx_word' id='word_1_202' title='bbox 108 3055 240 3137; x_wconf 87' lang='lat' dir='ltr'>spirant,</span> <span class='ocrx_word' id='word_1_203' title='bbox 262 3059 299 3120; x_wconf 90' lang='lat' dir='ltr'>ut</span> <span class='ocrx_word' id='word_1_204' title='bbox 315 3054 426 3121; x_wconf 86' lang='lat' dir='ltr'>eadem</span> <span class='ocrx_word' id='word_1_205' title='bbox 448 3055 606 3121; x_wconf 89' lang='lat' dir='ltr'>locutione</span> <span class='ocrx_word' id='word_1_206' title='bbox 627 3053 713 3120; x_wconf 89' lang='lat' dir='ltr'>haud</span> <span class='ocrx_word' id='word_1_207' title='bbox 734 3055 780 3120; x_wconf 89' lang='lat' dir='ltr'>ita</span> <span class='ocrx_word' id='word_1_208' title='bbox 799 3055 892 3122; x_wconf 91' lang='lat' dir='ltr'>solita</span> <span class='ocrx_word' id='word_1_209' title='bbox 915 3058 1057 3124; x_wconf 89' lang='lat' dir='ltr'>utantur.</span> <span class='ocrx_word' id='word_1_210' title='bbox 1101 3058 1205 3126; x_wconf 91' lang='lat' dir='ltr'>Plut.:</span> 
     </span>
     <span class='ocr_line' id='line_1_27' title="bbox 107 3155 1206 3251; baseline 0.005 -25"><span class='ocrx_word' id='word_1_211' title='bbox 107 3157 195 3228; x_wconf 76' lang='grc' dir='ltr'><strong><em>καθὸ</em></strong></span> <span class='ocrx_word' id='word_1_212' title='bbox 218 3158 257 3250; x_wconf 80' lang='grc' dir='ltr'>δὴ</span> <span class='ocrx_word' id='word_1_213' title='bbox 277 3161 332 3227; x_wconf 83' lang='grc' dir='ltr'>καὶ</span> <span class='ocrx_word' id='word_1_214' title='bbox 354 3160 479 3246; x_wconf 76' lang='grc' dir='ltr'>λέγεται</span> <span class='ocrx_word' id='word_1_215' title='bbox 501 3158 608 3245; x_wconf 77' lang='grc' dir='ltr'><strong><em>πυρὸς</em></strong></span> <span class='ocrx_word' id='word_1_216' title='bbox 629 3162 683 3227; x_wconf 79' lang='grc' dir='ltr'>καὶ</span> <span class='ocrx_word' id='word_1_217' title='bbox 702 3156 822 3239; x_wconf 74' lang='grc' dir='ltr'><strong><em>ὕδατος</em></strong></span> <span class='ocrx_word' id='word_1_218' title='bbox 845 3158 979 3251; x_wconf 63' lang='lat' dir='ltr'>opttus</span> <span class='ocrx_word' id='word_1_219' title='bbox 999 3155 1206 3250; x_wconf 74' lang='grc' dir='ltr'>ἀναγκαιότε-</span> 
     </span>
     <span class='ocr_line' id='line_1_28' title="bbox 109 3260 1207 3357; baseline 0.005 -24"><span class='ocrx_word' id='word_1_220' title='bbox 109 3292 168 3351; x_wconf 84' lang='grc' dir='ltr'>ρος</span> <span class='ocrx_word' id='word_1_221' title='bbox 188 3260 280 3335; x_wconf 82' lang='grc' dir='ltr'>εἶναι.</span> <span class='ocrx_word' id='word_1_222' title='bbox 323 3269 430 3337; x_wconf 76' lang='lat' dir='ltr'>Cicero</span> <span class='ocrx_word' id='word_1_223' title='bbox 461 3272 559 3350; x_wconf 69' lang='lat'>§22²</span> <span class='ocrx_word' id='word_1_224' title='bbox 588 3270 719 3353; x_wconf 90' lang='lat' dir='ltr'>‘Itaque</span> <span class='ocrx_word' id='word_1_225' title='bbox 752 3289 813 3337; x_wconf 90' lang='lat' dir='ltr'>non</span> <span class='ocrx_word' id='word_1_226' title='bbox 846 3289 932 3352; x_wconf 88' lang='lat' dir='ltr'>aqua</span> <span class='ocrx_word' id='word_1_227' title='bbox 963 3292 1026 3340; x_wconf 94' lang='lat' dir='ltr'>non</span> <span class='ocrx_word' id='word_1_228' title='bbox 1060 3274 1135 3357; x_wconf 83' lang='lat' dir='ltr'>igni,</span> <span class='ocrx_word' id='word_1_229' title='bbox 1169 3279 1207 3339; x_wconf 90' lang='lat' dir='ltr'>ut</span> 
     </span>
     <span class='ocr_line' id='line_1_29' title="bbox 110 3377 1206 3459; baseline 0.007 -18"><span class='ocrx_word' id='word_1_230' title='bbox 110 3379 207 3456; x_wconf 88' lang='lat' dir='ltr'>aiunt,</span> <span class='ocrx_word' id='word_1_231' title='bbox 241 3378 317 3444; x_wconf 89' lang='lat' dir='ltr'>locis</span> <span class='ocrx_word' id='word_1_232' title='bbox 349 3377 493 3458; x_wconf 89' lang='lat' dir='ltr'>pluribus</span> <span class='ocrx_word' id='word_1_233' title='bbox 528 3379 648 3443; x_wconf 89' lang='lat' dir='ltr'>utimur</span> <span class='ocrx_word' id='word_1_234' title='bbox 676 3396 772 3459; x_wconf 84' lang='lat' dir='ltr'>quarn</span> <span class='ocrx_word' id='word_1_235' title='bbox 801 3380 965 3446; x_wconf 87' lang='lat' dir='ltr'>amicitia’.</span> <span class='ocrx_word' id='word_1_236' title='bbox 1010 3380 1099 3459; x_wconf 84' lang='lat' dir='ltr'>Quod</span> <span class='ocrx_word' id='word_1_237' title='bbox 1123 3381 1206 3449; x_wconf 89' lang='lat' dir='ltr'>unde</span> 
     </span>
     <span class='ocr_line' id='line_1_30' title="bbox 110 3485 1207 3570; baseline 0.003 -17"><span class='ocrx_word' id='word_1_238' title='bbox 110 3485 312 3568; x_wconf 87' lang='lat' dir='ltr'>sumpserint,</span> <span class='ocrx_word' id='word_1_239' title='bbox 335 3485 451 3551; x_wconf 89' lang='lat' dir='ltr'>dubius</span> <span class='ocrx_word' id='word_1_240' title='bbox 472 3503 533 3551; x_wconf 92' lang='lat' dir='ltr'>non</span> <span class='ocrx_word' id='word_1_241' title='bbox 555 3503 635 3552; x_wconf 88' lang='lat' dir='ltr'>sum.</span> <span class='ocrx_word' id='word_1_242' title='bbox 660 3485 802 3568; x_wconf 86' lang='lat' dir='ltr'>Cumque</span> <span class='ocrx_word' id='word_1_243' title='bbox 821 3488 987 3568; x_wconf 87' lang='lat' dir='ltr'>proverbia</span> <span class='ocrx_word' id='word_1_244' title='bbox 1010 3507 1092 3570; x_wconf 91' lang='lat' dir='ltr'>quae</span> <span class='ocrx_word' id='word_1_245' title='bbox 1113 3493 1207 3556; x_wconf 89' lang='lat' dir='ltr'>antea</span> 
     </span>
    </p>
   </div>
   <div class='ocr_carea' id='block_1_8' title="bbox 110 3775 1206 4319">
    <p class='ocr_par' dir='ltr' id='par_1_8' title="bbox 110 3775 1206 3943">
     <span class='ocr_line' id='line_1_31' title="bbox 211 3775 1206 3849; baseline 0.004 -20"><span class='ocrx_word' id='word_1_246' title='bbox 211 3775 237 3845; x_wconf 88' lang='lat'>1)</span> <span class='ocrx_word' id='word_1_247' title='bbox 254 3775 373 3846; x_wconf 79' lang='lat' dir='ltr'>Diogeni</span> <span class='ocrx_word' id='word_1_248' title='bbox 384 3776 520 3831; x_wconf 86' lang='lat' dir='ltr'>tribuitur</span> <span class='ocrx_word' id='word_1_249' title='bbox 528 3777 558 3831; x_wconf 93' lang='lat' dir='ltr'>in</span> <span class='ocrx_word' id='word_1_250' title='bbox 566 3775 706 3848; x_wconf 75' lang='lat' dir='ltr'>florilegio</span> <span class='ocrx_word' id='word_1_251' title='bbox 717 3776 838 3833; x_wconf 69' lang='lat' dir='ltr'>florent.</span> <span class='ocrx_word' id='word_1_252' title='bbox 850 3777 937 3848; x_wconf 73' lang='lat' dir='ltr'>(seno.</span> <span class='ocrx_word' id='word_1_253' title='bbox 945 3777 1079 3834; x_wconf 68' lang='lat' dir='ltr'>eduum</span> <span class='ocrx_word' id='word_1_254' title='bbox 1093 3776 1139 3848; x_wconf 84' lang='lat' dir='ltr'>IV,</span> <span class='ocrx_word' id='word_1_255' title='bbox 1151 3779 1206 3849; x_wconf 83' lang='grc'><strong>20).</strong></span> 
     </span>
     <span class='ocr_line' id='line_1_32' title="bbox 110 3871 1204 3943; baseline 0.002 -17"><span class='ocrx_word' id='word_1_256' title='bbox 110 3872 200 3926; x_wconf 86' lang='lat' dir='ltr'>Multa</span> <span class='ocrx_word' id='word_1_257' title='bbox 210 3871 342 3941; x_wconf 82' lang='lat' dir='ltr'>interprr.</span> <span class='ocrx_word' id='word_1_258' title='bbox 349 3871 466 3926; x_wconf 86' lang='lat' dir='ltr'>Minucii</span> <span class='ocrx_word' id='word_1_259' title='bbox 476 3871 535 3926; x_wconf 82' lang='lat' dir='ltr'>Fal.</span> <span class='ocrx_word' id='word_1_260' title='bbox 545 3889 568 3927; x_wconf 88' lang='lat' dir='ltr'>c.</span> <span class='ocrx_word' id='word_1_261' title='bbox 581 3876 594 3926; x_wconf 91' lang='lat'>1</span> <span class='ocrx_word' id='word_1_262' title='bbox 608 3871 831 3928; x_wconf 85' lang='lat' dir='ltr'>Elmenhorstius</span> <span class='ocrx_word' id='word_1_263' title='bbox 842 3876 872 3927; x_wconf 88' lang='lat' dir='ltr'>ct</span> <span class='ocrx_word' id='word_1_264' title='bbox 881 3872 1011 3928; x_wconf 86' lang='lat' dir='ltr'>Ouzclius</span> <span class='ocrx_word' id='word_1_265' title='bbox 1022 3873 1204 3943; x_wconf 81' lang='lat' dir='ltr'>collegerunt.</span> 
     </span>
    </p>

    <p class='ocr_par' dir='ltr' id='par_1_9' title="bbox 211 3966 753 4038">
     <span class='ocr_line' id='line_1_33' title="bbox 211 3966 753 4038; baseline 0.002 -18"><span class='ocrx_word' id='word_1_266' title='bbox 211 3966 239 4036; x_wconf 80' lang='grc'>2)</span> <span class='ocrx_word' id='word_1_267' title='bbox 257 3966 292 4021; x_wconf 87' lang='lat' dir='ltr'>ci.</span> <span class='ocrx_word' id='word_1_268' title='bbox 312 3967 367 4024; x_wconf 80' lang='lat' dir='ltr'>cio.</span> <span class='ocrx_word' id='word_1_269' title='bbox 386 3966 463 4022; x_wconf 85' lang='lat' dir='ltr'>Lael.</span> <span class='ocrx_word' id='word_1_270' title='bbox 484 3969 509 4036; x_wconf 61' lang='lat' dir='ltr'>g.</span> <span class='ocrx_word' id='word_1_271' title='bbox 528 3968 563 4022; x_wconf 85' lang='grc'>86</span> <span class='ocrx_word' id='word_1_272' title='bbox 581 3970 654 4022; x_wconf 83' lang='lat' dir='ltr'>extr.</span> <span class='ocrx_word' id='word_1_273' title='bbox 667 3967 692 4038; x_wconf 66' lang='grc' dir='ltr'>ἓ.</span> <span class='ocrx_word' id='word_1_274' title='bbox 710 3971 753 4023; x_wconf 81' lang='grc'>62.</span> 
     </span>
    </p>

    <p class='ocr_par' dir='ltr' id='par_1_10' title="bbox 111 4061 1206 4319">
     <span class='ocr_line' id='line_1_34' title="bbox 211 4061 1204 4134; baseline 0.003 -20"><span class='ocrx_word' id='word_1_275' title='bbox 211 4061 239 4129; x_wconf 84' lang='grc'>3)</span> <span class='ocrx_word' id='word_1_276' title='bbox 255 4061 331 4118; x_wconf 83' lang='lat' dir='ltr'>Idam</span> <span class='ocrx_word' id='word_1_277' title='bbox 355 4062 489 4118; x_wconf 87' lang='lat' dir='ltr'>indicium</span> <span class='ocrx_word' id='word_1_278' title='bbox 514 4062 548 4118; x_wconf 86' lang='lat' dir='ltr'>ds</span> <span class='ocrx_word' id='word_1_279' title='bbox 570 4063 714 4132; x_wconf 85' lang='lat' dir='ltr'>voluptate</span> <span class='ocrx_word' id='word_1_280' title='bbox 737 4061 833 4119; x_wconf 85' lang='lat' dir='ltr'>valuit.</span> <span class='ocrx_word' id='word_1_281' title='bbox 850 4080 876 4120; x_wconf 89' lang='lat' dir='ltr'>v.</span> <span class='ocrx_word' id='word_1_282' title='bbox 894 4061 987 4134; x_wconf 81' lang='lat' dir='ltr'>Magn.</span> <span class='ocrx_word' id='word_1_283' title='bbox 1006 4063 1106 4118; x_wconf 85' lang='lat' dir='ltr'>Moral.</span> <span class='ocrx_word' id='word_1_284' title='bbox 1125 4063 1151 4118; x_wconf 95' lang='lat' dir='ltr'>ll</span> <span class='ocrx_word' id='word_1_285' title='bbox 1172 4065 1204 4118; x_wconf 94' lang='lat' dir='ltr'>ll</span> 
     </span>
     <span class='ocr_line' id='line_1_35' title="bbox 111 4154 1206 4232; baseline 0.002 -22"><span class='ocrx_word' id='word_1_286' title='bbox 111 4173 139 4227; x_wconf 88' lang='lat' dir='ltr'>p.</span> <span class='ocrx_word' id='word_1_287' title='bbox 159 4156 245 4212; x_wconf 77' lang='lat' dir='ltr'>1209b</span> <span class='ocrx_word' id='word_1_288' title='bbox 267 4159 302 4213; x_wconf 84' lang='grc'>36</span> <span class='ocrx_word' id='word_1_289' title='bbox 326 4154 358 4212; x_wconf 77' lang='grc' dir='ltr'>οὗ</span> <span class='ocrx_word' id='word_1_290' title='bbox 381 4155 435 4230; x_wconf 79' lang='grc' dir='ltr'>γὰρ</span> <span class='ocrx_word' id='word_1_291' title='bbox 464 4155 611 4215; x_wconf 73' lang='grc' dir='ltr'><strong><em>ἀκολουθεῖ</em></strong></span> <span class='ocrx_word' id='word_1_292' title='bbox 631 4159 663 4232; x_wconf 75' lang='grc' dir='ltr'>τῇ</span> <span class='ocrx_word' id='word_1_293' title='bbox 684 4156 771 4232; x_wconf 72' lang='grc' dir='ltr'><strong><em>ἡδονῇ</em></strong></span> <span class='ocrx_word' id='word_1_294' title='bbox 797 4156 814 4227; x_wconf 81' lang='grc' dir='ltr'><strong><em>ἡ</em></strong></span> <span class='ocrx_word' id='word_1_295' title='bbox 842 4154 921 4229; x_wconf 77' lang='grc' dir='ltr'><strong><em>ἀρετὴ</em></strong></span> <span class='ocrx_word' id='word_1_296' title='bbox 950 4154 1017 4212; x_wconf 80' lang='grc' dir='ltr'><strong><em>ἀλλὰ</em></strong></span> <span class='ocrx_word' id='word_1_297' title='bbox 1034 4160 1068 4232; x_wconf 75' lang='grc' dir='ltr'>τῇ</span> <span class='ocrx_word' id='word_1_298' title='bbox 1092 4154 1206 4232; x_wconf 79' lang='grc' dir='ltr'><strong><em>ἀρετῇὴ</em></strong></span> 
     </span>
     <span class='ocr_line' id='line_1_36' title="bbox 111 4249 765 4319; baseline 0.006 -14"><span class='ocrx_word' id='word_1_299' title='bbox 111 4250 196 4319; x_wconf 76' lang='grc' dir='ltr'><em>ἡδονὴ</em></span> <span class='ocrx_word' id='word_1_300' title='bbox 216 4249 370 4308; x_wconf 75' lang='grc' dir='ltr'><strong><em>ἀκολουθεῖ.</em></strong></span> <span class='ocrx_word' id='word_1_301' title='bbox 406 4255 441 4310; x_wconf 86' lang='lat' dir='ltr'>of.</span> <span class='ocrx_word' id='word_1_302' title='bbox 459 4253 532 4312; x_wconf 89' lang='lat' dir='ltr'>Plut.</span> <span class='ocrx_word' id='word_1_303' title='bbox 551 4255 613 4312; x_wconf 82' lang='lat' dir='ltr'>adv.</span> <span class='ocrx_word' id='word_1_304' title='bbox 632 4254 720 4312; x_wconf 77' lang='lat' dir='ltr'>Golot.</span> <span class='ocrx_word' id='word_1_305' title='bbox 740 4259 765 4310; x_wconf 84' lang='lat'>9.</span> 
     </span>
    </p>
   </div>
   <div class='ocr_carea' id='block_1_9' title="bbox 0 0 1472 4908">
    <p class='ocr_par' dir='ltr' id='par_1_11' title="bbox 0 0 1472 4908">
     <span class='ocr_line' id='line_1_37' title="bbox 0 0 1472 4908; baseline 0 0"><span class='ocrx_word' id='word_1_306' title='bbox 0 0 1472 4908; x_wconf 95' lang='lat' dir='ltr'> </span> 
     </span>
    </p>
   </div>
  </div>
 </body>
</html>
