2910 4908
670 376 708 435 35

140 557 216 637 quin
237 557 268 621 in
290 556 424 638 politicis
446 573 571 636 quoque
596 554 860 636 disputationibus
882 554 1132 639 aTheophrasto
1154 558 1237 623 idem

20 657 21 660 '
139 670 362 745 argumentum
373 668 545 728 tractatum
569 661 676 730 luerit.
708 663 756 728 De
778 663 866 731 ouius
881 662 1105 745 disputationis
1123 673 1238 732 natura
1335 697 1342 705 r

139 780 171 840 te
190 774 314 840 docebit
335 771 526 837 Plutarchus
548 789 651 853 praee.
677 790 741 853 ger,
766 773 841 853 reip.
867 775 915 836 13.

238 881 299 946 Sed
321 899 391 946 cum
416 880 455 946 de
475 880 590 946 finibus
610 879 768 961 egerimus
794 881 877 946 hane
899 881 1062 946 materiem
1093 881 1236 956 absolvar

139 1009 217 1056 mus.
260 990 346 1055 Plut.
369 990 436 1055 vita
461 988 591 1056 Catonis
615 989 689 1052 min.
716 992 754 1052 37
778 983 955 1070 atrdoveqea
977 987 1015 1053 ud
1039 988 1109 1053 λίαν
1128 989 1238 1075 φιλεῖν

138 1093 184 1176 αῖς
205 1119 288 1186 φησι
304 1090 518 1183 Θεόφραστος
539 1089 645 1162 αίνιον
664 1099 724 1162 τοῦ
744 1099 854 1178 μισεῖν
868 1095 1018 1179 γίνεσθαι
1034 1091 1200 1174 πολλάκις.
1212 1097 1235 1180 1)

139 1207 207 1272 Hoc
228 1224 265 1271 eo
298 1206 426 1272 consilio
454 1224 523 1272 esse
555 1207 674 1272 dictum
710 1206 836 1271 videtur
865 1224 928 1288 quo
949 1207 1130 1270 Tullianum
1154 1205 1172 1286 ἓ
1195 1208 1235 1267 75

136 1309 251 1380 ‘Recte
272 1316 368 1380 etiam
399 1315 539 1395 praecipi
573 1319 680 1396 potest
710 1313 743 1377 iu
767 1313 925 1394 amicitiis,
959 1331 998 1378 ne
1025 1315 1238 1394 intemperata
1322 1353 1331 1364 f

138 1424 295 1504 quaedam
317 1423 544 1502 benevolentia,
567 1422 651 1502 quod
677 1438 831 1503 persaepe
851 1421 897 1501 fit,
931 1421 1084 1501 impediat
1104 1439 1237 1502 magnas

138 1531 293 1596 utilitates
312 1521 511 1596 amicorum.>
540 1549 567 1596 v.
592 1531 610 1612 ἓ
633 1535 684 1594 76.
728 1529 789 1595 Sed
817 1531 1007 1596 secernenda
1040 1532 1079 1595 ab
1106 1547 1144 1593 ea
1168 1547 1236 1594 seu-

138 1637 238 1704 tentia
273 1640 352 1703 haee
373 1643 421 1703 est
450 1639 482 1703 in
515 1657 610 1719 quam
633 1618 741 1704 Cicero
775 1638 1042 1720 §salavabitur
1077 1654 1237 1718 quamque
1275 1661 1277 1666 ·

139 1766 158 1812 a
180 1747 399 1828 Theophrasto
422 1746 490 1827 ipso
514 1747 664 1813 reiectam
686 1765 754 1812 esse
773 1745 938 1811 Plutarchi
960 1747 998 1811 de
1021 1765 1080 1810 am.
1105 1744 1194 1809 mult.
1217 1749 1235 1806 6

137 1872 210 1920 oum
245 1853 349 1918 Tullio
381 1872 548 1920 cousensus
582 1855 682 1920 docet.
725 1855 868 1935 Uterque
899 1852 982 1920 euim
1012 1859 1134 1938 pugnat
1166 1871 1235 1918 cum

98 1990 103 1995 ¹
139 1963 292 2042 Euripide
314 1965 367 2043 qui
388 1963 511 2047 Hippol.
536 1967 596 2027 253
619 1963 758 2028 dixerat:

385 2071 465 2156 χρῆν
484 2065 542 2155 γὰρ
564 2070 698 2153 μετρίας
720 2066 767 2146 εἰς
785 2061 943 2156 ἀλλήλους

384 2177 495 2267 φιλίας
520 2174 664 2263 θνητοῦς
687 2168 934 2260 α’νακίρνααθαι.
973 2159 978 2165 ⁸

235 2289 337 2366 Quam
357 2293 498 2354 extremo
522 2289 592 2354 loeo
611 2289 770 2371 attingere
791 2288 867 2352 licet
895 2287 927 2350 in
950 2286 1093 2351 doctrina
1120 2285 1160 2350 de
1182 2301 1234 2346 ex-

136 2395 335 2480 cellentiis,2)
357 2397 446 2462 cuius
466 2395 675 2463 fundamenta
699 2395 791 2461 Plato
814 2395 888 2476 Leg.
913 2394 955 2458 Vl
977 2413 1008 2476 p.
1025 2393 1122 2457 ‘lh‘lA
1142 2412 1234 2474 posu-

136 2511 216 2586 erat,
254 2506 362 2570 Cicero
399 2504 684 2588 Peripateticorum
717 2509 888 2586 praecepta
922 2504 1075 2583 sequitur.
1127 2496 1237 2581 Neque

136 2615 221 2696 quod
243 2613 434 2679 Plutarchus
462 2613 501 2680 de
523 2597 583 2704 am.
614 2617 648 2681 et
669 2615 718 2679 ad.
744 2616 793 2693 28,
819 2631 890 2678 cum
913 2632 953 2678 ue
975 2613 1085 2677 beatos
1108 2609 1234 2688 quidem

137 2721 279 2787 homiues
301 2723 470 2790 summisve
491 2723 651 2788 ordinibus
675 2728 767 2787 natos
800 2721 906 2794 amicis
929 2731 1036 2784 carere
1069 2735 1162 2798 posse
1184 2717 1237 2781 do·

138 2835 218 2909 ceat,
241 2830 400 2911 Euripidis
422 2848 548 2896 versum
570 2830 673 2896 Orest.
699 2833 758 2892 667

295 2930 389 3003 Ὅταν
409 2931 428 3003 ὁ
452 2935 577 3019 δαίμων
599 2928 636 3002 εὖ
661 2937 751 3022 διδῷ,
773 2934 806 3000 νί
827 2935 879 2999 δεῖ
901 2933 1022 3021 φίλων,·
1194 3004 1197 3005 ⁷

137 3047 214 3112 scite
236 3065 313 3113 saue
339 3045 477 3127 adhibet,
510 3046 542 3111 id
564 3047 663 3127 ipsius
692 3045 818 3126 iugenio
851 3044 978 3123 tribuet,
1013 3042 1067 3122 qui
1101 3041 1235 3104 eundem

138 3172 265 3222 versum
288 3153 373 3236 apud
395 3154 528 3222 Aristot.
550 3154 624 3219 Eth.
647 3155 714 3220 Nic.
738 3153 792 3234 Ill,
815 3151 835 3216 9
858 3152 980 3234 legerit.

236 3262 272 3325 ln
301 3281 337 3326 eo
373 3281 498 3345 quoque
533 3283 603 3329 cum
629 3263 801 3331 Aristotele
825 3261 931 3326 Cicero
963 3259 1123 3350 consensit
1151 3257 1236 3337 quod

137 3375 289 3450 tyrannos
310 3371 450 3436 amicitia
478 3370 540 3435 frui
558 3371 736 3452 praefracte
760 3375 866 3454 negat.
893 3371 930 3434 E.
950 3367 989 3433 N.
1013 3369 1099 3444 Vlll,
1126 3369 1173 3430 13.
1196 3365 1234 3428 de

139 3476 231 3540 amic.¹
245 3478 299 3554 623
323 3478 378 3542 sed
401 3478 459 3543 hoc
482 3477 639 3556 iudicium,
663 3484 699 3544 ut
719 3497 778 3560 par
796 3483 853 3558 cst,
876 3496 939 3543 non
959 3477 1016 3542 soli
1030 3473 1236 3556 Peripatetici

137 3581 291 3650 ferebant.
335 3583 511 3651 Stoicorum
532 3588 721 3652 senteutiam
741 3587 839 3652 habes
861 3586 946 3667 apud
962 3585 1090 3652 Maxim.
1106 3583 1234 3664 Tyrium

30 3692 36 3708 '
96 3705 107 3720 ⁸
139 3691 211 3756 dise.
234 3691 302 3772 XX,
326 3697 343 3754 7
362 3689 510 3778 ,avpdvoqa
533 3684 640 3770 οὐδεὶς
663 3691 769 3780 φίλος,
790 3691 919 3774 βασιλεῖ
942 3689 977 3757 δὲ
998 3682 1105 3769 οὐδεὶς
1127 3683 1233 3769 κόλαξ.

238 3800 297 3866 Hic
318 3818 391 3866 vero
419 3801 512 3868 finem
544 3805 672 3869 nostrae
704 3802 928 3884 disputationis
959 3817 1124 3884 ponamus
1168 3797 1234 3862 Nos
1326 3785 1331 3791 ’

141 4003 339 4012 ---———.

240 4136 267 4202 1)
287 4135 322 4190 ef.
340 4136 479 4194 Ruhnken
497 4138 534 4194 au
553 4138 636 4194 euru.
656 4109 766 4210 Lupum
784 4158 812 4210 p.
830 4141 873 4194 aa,

238 4230 266 4299 2)
283 4247 308 4285 v.
328 4233 416 4288 Arist.
434 4231 498 4289 Eth.
518 4232 578 4290 Nic.
598 4233 671 4301 VIII,
690 4234 706 4288 8
725 4237 754 4289 et
777 4237 825 4288 13.
