2910 4908
27 564 54 626 t'
117 573 213 658 VIII,
226 580 290 658 41).
304 575 402 640 115612
417 581 454 642 19
471 577 561 642 πᾶσα
575 572 634 661 γὰρ
650 576 743 663 φιλία
757 576 797 641 δι’
810 567 940 660 ἀγαθόν
954 575 1042 641 ἐστιν
1057 569 1076 666 ἢ
1092 578 1134 642 δι’
1148 573 1225 666 ἡδο-

27 707 31 724 ’-
115 678 186 765 νην,
201 676 223 767 ἢ
236 678 350 761 ἁπλῶς
365 677 387 770 ἢ
401 670 448 770 τῷ
463 685 632 770 φιλοῦντι·
654 683 709 749 καί
721 683 798 748 καθ’
816 680 993 768 ὁμοιότητά
1012 703 1102 765 τινα·
1125 679 1224 772 ταύτῃ

115 789 155 856 δὲ
174 785 285 857 πάνθ’
301 787 439 877 ὑπάρχει
456 790 497 856 τὰ
507 789 658 877 εἰρημένα
673 785 908 868 καθ”αύτούς
931 787 1030 877 ταύτῃ
1049 787 1111 876 peip
1128 787 1227 876 ὅμοια

115 895 228 963 καὶτὰ
238 894 394 982 λοιποί,τὸ
405 925 441 966 τε
451 901 566 976 ἅπλῶς
576 893 703 983 ἀγαθὸν
713 898 767 963 καί
778 894 836 983 ἡδύ
847 897 1072 976 ἄπλῶςέστίν·
1087 895 1226 982 μάλιστα

115 1006 155 1072 δὲ
178 1010 285 1072 ταῦτα
303 1004 425 1096 φιλητοὶ
446 1009 501 1074 καὶ
524 1004 563 1074 τὸ
590 1008 700 1096 φιλεῖν
726 1005 762 1073 δὲ
792 1007 847 1072 καί
874 1009 893 1094 ἡ
920 1007 1013 1094 φιλία
1039 1007 1072 1072 ἕν
1096 1004 1226 1088 τούτοις

115 1111 267 1198 μάλιστα
284 1116 342 1183 καὶ»
359 1109 493 1202 ἆρίστη·
523 1116 663 1194 σπανίας
689 1116 717 1180 δ’
745 1111 833 1193 είκός
858 1111 917 1193 τὰς
943 1111 1095 1194 τοιαύτας
1123 1109 1224 1183 εἶναι·

118 1217 233 1308 ὀλίγοι
254 1221 312 1310 γὰρ
336 1221 369 1291 οὶ
390 1227 545 1290 τοιοῦτοι.
576 1226 645 1290 Iam
667 1243 743 1291 vero
764 1225 1036 1305 Theophrasteam
1059 1225 1140 1292 hano
1156 1244 1225 1293 esse

118 1329 303 1396 doctrinam
325 1332 494 1416 scriptores
515 1331 671 1398 inferioris
695 1333 811 1397 aetatis
832 1331 972 1397 tradunt.
1015 1331 1225 1415 Hieronymus

116 1439 138 1503 l.
165 1437 189 1504 l.
210 1437 355 1522 ‘scripsit
376 1440 615 1523 Theophrastus
637 1440 701 1505 tria
725 1441 763 1505 de
788 1424 928 1506 amicitia
950 1441 1120 1521 volumina,
1143 1443 1225 1508 omni

56 1545 57 1548 ’
119 1566 197 1613 eam
222 1536 404 1629 praeferens
423 1550 549 1616 caritati
572 1554 605 1615 et
631 1553 738 1615 tamen
769 1566 875 1613 raram
902 1549 934 1613 in
961 1548 1054 1613 rebus
1079 1548 1226 1614 humanis

120 1659 326 1723 contestatus
357 1657 423 1723 est?
476 1658 582 1738 Atque
609 1658 694 1724 idem
724 1655 867 1722 referunt
896 1657 1037 1723 Vincent.
1067 1657 1225 1723 Bellovac.

122 1783 211 1846 spec.
233 1763 306 1830 hist.
328 1765 380 1848 VI,
396 1768 415 1828 2
438 1771 471 1830 et
487 1765 649 1831 Walterus
665 1764 783 1848 Burley
797 1764 835 1830 de
850 1765 905 1831 vit.
922 1763 997 1845 phil.
1009 1763 1062 1830 fol.
1075 1764 1225 1829 LXVIIIv

123 1871 176 1940 ed.
201 1869 307 1938 Goion.
611 1871 613 1876 “
697 1856 699 1859 ’
1138 1959 1141 1966 Ι

230 1983 293 2048 Eas
316 2001 390 2049 vero
412 1981 568 2049 amicitias
590 2000 672 2062 quae
701 1986 760 2048 aut
791 1981 938 2047 utilitatis
965 1982 1023 2044 aut
1052 1978 1225 2058 voluptatis

61 2125 62 2130 .
123 2109 230 2162 causa,
245 2089 325 2156 fiant
355 2091 409 2157 diu
433 2109 561 2158 manere
583 2109 645 2156 non
667 2108 769 2172 posse,
787 2082 947 2155 iudicasse
968 2085 1223 2166 Theophrastum

125 2201 161 2263 et
184 2203 295 2280 sponte
316 2198 505 2279 intelligitur
526 2201 560 2264 et
581 2197 718 2271 auctoris
737 2215 809 2263 cum
830 2187 1042 2263 imitatoribus
1063 2211 1227 2275 compara-

123 2308 214 2372 tione
233 2305 394 2388 probatur.
437 2307 569 2372 Aristot.
592 2304 666 2370 Eth.
688 2305 756 2372 Nic.
779 2304 863 2382 VIII,
893 2306 911 2366 3
933 2322 963 2385 p.
988 2305 1083 2366 11561
1111 2302 1151 2364 19
1173 2291 1226 2364 εύ-

125 2407 273 2478 διύιλοτοι
293 2409 332 2498 δη
358 2407 393 2478 αἱ
420 2413 568 2478 τοιαῦταί
588 2413 621 2494 (i.
643 2433 669 2480 e.
694 2406 729 2476 αἱ
758 2405 839 2476 κατὰ
869 2403 1073 2494 συμβεβηκὸς
1104 2407 1226 2495 φιλίαι)

125 2517 200 2601 εἰσι,
215 2519 269 2610 -μη
290 2513 509 2603 διαμενόντων
529 2511 637 2585 αύτῶν
658 2515 802 2603 ὁμοίων·
829 2513 884 2583 ε’ἀν
906 2513 965 2602 γὰρ
995 2514 1109 2600 μηκέτι
1136 2509 1227 2598 ἡδεῖς-

126 2621 148 2712 ἢ
169 2620 322 2712 χρήσιμοι
344 2613 414 2706 ιύσι,
438 2621 601 2692 παύονται
620 2627 800 2714 φιλοῦντες.
821 2619 860 2690 τύ
876 2622 912 2688 δὲ
928 2617 1085 2708 χρήσιμον
1102 2613 1141 2685 ού
1156 2621 1226 2685 δια-

127 2733 233 2816 μένει,
265 2733 334 2799 ἀλλ’
362 2725 479 2800 ἷίλλοτε
506 2734 585 2801 ἄλλο
613 2733 760 2817 γίγνεται.
791 2723 1020 2807 ἀπολυθέντος
1047 2714 1105 2793 ούν
1133 2727 1175 2791 δι’
1207 2717 1226 2792 ὃ

131 2839 224 2926 φίλοι
252 2827 343 2926 ἦσαν,
372 2837 536 2906 διαλύεται
561 2839 616 2903 καὶ
643 2831 661 2923 ἡ
691 2836 793 2923 φιλία,
824 2830 869 2913 ὥς
894 2825 994 2921 ούσης
1027 2839 1084 2922 της
1115 2835 1226 2922 φιλίας

129 2943 214 3030 πρὸς
241 2947 356 3014 ἐκεῖνα.
389 2948 427 3016 cf.
458 2969 482 3016 c.
510 2953 530 3012 4
557 2967 587 3029 p.
621 2944 718 3010 moth
744 2948 780 3008 17
810 2938 830 3030 ἦ
858 2937 991 3029 τοιαύτη
1016 2943 1049 3025 (i.
1079 2964 1106 3011 e.
1135 2945 1225 3027 vera)

129 3056 164 3122 δὲ
189 3054 283 3143 φιλία
303 3051 442 3139 μόνιμος
465 3049 606 3137 εὐλόγως
620 3050 724 3119 ἐστίν.
767 3052 863 3119 Tales
881 3053 965 3119 locos
987 3052 1224 3134 Theophrastus

129 3167 313 3246 repetivisse
344 3165 520 3232 censendus
553 3167 611 3243 est,
642 3179 712 3228 cum
740 3161 847 3226 Cicero
871 3160 889 3242 ἕ
914 3163 953 3224 32
984 3161 1157 3243 scripserit:
1181 3158 1226 3226 ‘si

129 3273 249 3337 utilitas
270 3272 427 3339 amicitias
448 3271 684 3353 conglutinaret
698 3269 733 3352 ¹),
755 3269 866 3336 eadem
893 3273 1087 3335 commutata
1114 3269 1224 3333 dissol-

129 3384 228 3461 veret,
248 3377 303 3443 sed
325 3379 400 3458 quia
422 3384 540 3443 natura
561 3379 680 3444 mutari
693 3395 756 3441 non
771 3381 886 3456 potest,
908 3377 1024 3442 idcirco
1039 3394 1134 3442 verae
1148 3377 1224 3440 smi-

129 3485 223 3549 citiae
242 3485 452 3566 sempiternae
470 3483 572 3554 suut',
599 3483 637 3548 cl.
660 3483 677 3565 ᾖ
697 3486 756 3547 100
774 3482 911 3564 ‘Virtus
932 3535 938 3549 .
957 3533 963 3548 .
981 3535 1012 3550 ..
1033 3489 1065 3550 et
1080 3482 1227 3550 conciliat

130 3577 338 3657 emicuisset
361 3591 537 3657 conservat'
560 3607 625 3671 eqs.
639 3589 665 3670 ²)

231 3856 256 3926 1)
274 3853 472 3924 Conglutinare
493 3853 599 3910 Graeco
618 3855 718 3909 κολλᾶν
736 3852 890 3923 respondit,
914 3869 969 3922 quo
992 3851 1078 3907 verbo
1103 3850 1133 3904 in
1156 3849 1227 3904 eius-

129 3950 193 4005 dem
224 3949 266 4004 rei
293 3947 468 4018 expositione
502 3948 667 4003 Plutarchus
705 3946 794 4002 utitur
823 3947 857 4003 de
882 3964 934 4002 am.
963 3945 1078 4001 multe
1103 3939 1228 4011 κόλλησις

129 4045 196 4100 ibid.
217 4045 241 4100 5.
260 4039 433 4114 ξαγκόλλησις
450 4043 583 4100 Themist.
602 4060 643 4099 or.
669 4043 746 4097 XXII
771 4060 798 4112 p.
820 4044 881 4108 326,
908 4040 982 4097 311).
1005 4040 1040 4096 cf.
1063 4040 1136 4095 Plut.
1163 4041 1226 4095 adv.

131 4139 218 4194 Golot.
239 4141 280 4192 to.

226 4236 254 4305 2)
273 4234 308 4290 cf.
326 4235 502 4305 Xenophont.
521 4251 600 4290 conv.
619 4235 644 4304 8,
663 4235 704 4290 14.
742 4233 822 4288 Plato
841 4250 920 4288 conv.
939 4251 966 4303 p.
986 4231 1067 4289 1830.
