2910 4908
199 1297 202 1304 ,
231 1263 279 1328 De
303 1263 461 1329 clarorum
487 1263 687 1344 antiquitatis
712 1263 864 1328 librorum
889 1263 1025 1344 pernicie
1046 1262 1229 1330 iniuriosam

133 1373 253 1437 aetatis
282 1371 449 1437 saevitiam
473 1370 507 1434 ii‘·
519 1371 676 1448 incusant,
710 1388 913 1451 quosquam
946 1370 978 1434 in
1009 1371 1069 1436 hac
1105 1389 1231 1453 quoque

129 1479 281 1568 historiae
302 1481 395 1560 parte
417 1480 488 1560 lege
509 1479 615 1543 omnia
637 1482 669 1544 et
690 1477 813 1545 ratione
835 1479 922 1559 fiant,
955 1482 1012 1545 aut
1033 1479 1149 1545 inertia
1173 1483 1230 1545 aut

96 1605 101 1611 ’
128 1585 286 1653 hebetudo
309 1585 461 1651 mentium
484 1591 673 1668 cognoscere
694 1604 757 1650 non
778 1587 863 1651 sinit.
907 1585 1000 1652 Tales
1024 1589 1133 1651 tamen
1154 1604 1229 1666 que·
1326 1673 1329 1678 .

74 1731 76 1734 v
131 1694 283 1760 simonias
295 1693 496 1774 iactantibus,
520 1695 665 1778 quamvis
680 1694 783 1759 inutili
803 1712 878 1760 sane
899 1693 1025 1776 negotio
1045 1692 1229 1775 fungantur,

130 1803 240 1869 subest
262 1818 499 1882 nonnumquam
522 1820 633 1869 sensus
665 1802 879 1869 feracissimus
907 1821 969 1885 quo
993 1803 1033 1870 ad
1061 1803 1228 1868 literarum

1 1943 22 1996 q
131 1910 297 1977 historiam
317 1908 517 1976 tractandam
545 1908 763 1977 vehementius
789 1910 979 1978 excitentur.
1023 1909 1066 1976 Ει
1094 1930 1166 1977 curn
1189 1929 1230 1976 ex

132 2019 215 2083 omni
248 2019 414 2084 literarum
443 2017 639 2084 Graecarum
667 2021 759 2100 parte
787 2019 914 2100 singula
942 2020 1069 2084 tanturn
1098 2019 1139 2083 ad
1171 2036 1229 2084 nos

129 2125 339 2206 pervenerint,
373 2130 442 2192 tum
463 2124 671 2208 philosophici
703 2125 774 2190 libri
801 2145 859 2208 pro
890 2125 1010 2208 ingenti
1042 2144 1152 2191 eorum
1174 2145 1229 2191 nu-

129 2253 216 2301 mero
238 2236 292 2315 qui
313 2252 370 2317 per
402 2238 457 2298 ant
458 2235 559 2316 iquita
540 2239 625 2301 ιιιιι
646 2233 792 2302 ferebant
778 2239 842 2317 tur,
875 2236 1026 2317 perpauci
1051 2235 1085 2301 et
1106 2237 1227 2314 tompo-

129 2361 201 2406 rum
224 2343 344 2409 vicissit
330 2341 501 2408 tudinest
486 2343 693 2409 utlernntet
659 2342 820 2408 evarias
851 2343 1014 2408 hominum
1048 2343 1194 2409 voluntat
1181 2347 1229 2409 tes
1269 2361 1274 2379 ⁸

129 2452 243 2533 quibus
265 2450 375 2518 eadem
398 2469 472 2516 mox
502 2451 704 2518 oblectationi
727 2471 801 2518 mox
831 2450 903 2518 odio
924 2455 1007 2518 sunt
984 2452 1130 2518 Ctum
1152 2466 1228 2515 vero

128 2561 161 2624 in
183 2559 329 2626 omnibus
348 2559 594 2640 quaestionibus,
618 2579 700 2642 quae
724 2561 766 2626 ad
787 2561 987 2642 antiquitatis
1017 2560 1227 2641 cognitionem

129 2668 298 2749 pertinent,
323 2684 523 2748 summopere
544 2667 736 2735 studendum
759 2667 808 2748 sit,
833 2673 869 2733 ut
890 2667 974 2734 unde
995 2686 1059 2733 una
1082 2684 1227 2747 quaeque

130 2793 181 2840 res
205 2779 276 2840 orta
298 2775 349 2853 sit,
372 2773 530 2854 quomodo
551 2773 672 2853 adulta,
697 2774 772 2854 quid
794 2792 833 2839 ox
856 2791 925 2839 sese
940 2775 1087 2856 genuerit
1107 2775 1229 2840 intelle·

130 2887 234 2965 gatur,
257 2881 478 2949 difficillimum
499 2881 559 2946 hoc
581 2886 630 2947 est
650 2883 811 2964 negotium
833 2881 860 2947 si
881 2883 921 2950 de
941 2881 1160 2964 philosophiae
1182 2883 1226 2946 hi·

131 2991 231 3058 storia
262 2989 455 3056 Graecorum
487 2990 687 3070 quaestiones
721 2993 954 3072 proponuntur.
1002 2988 1112 3070 Neque
1145 2991 1228 3056 enim

132 3105 260 3178 praeter
274 3096 441 3163 Platonem
459 3099 492 3161 et
503 3095 709 3162 Aristotelem
731 3101 763 3162 ιι
777 3097 948 3178 populares
964 3096 1087 3177 aliquot
1102 3095 1227 3164 Stoicae

135 3209 239 3270 sectae
259 3206 430 3286 scriptores
453 3205 621 3285 quisquam
645 3209 735 3272 extat
756 3210 813 3292 ιιι
834 3203 1039 3270 Academicus
1064 3208 1121 3270 aut
1141 3207 1229 3272 Peri-

131 3313 288 3394 pateticus
312 3317 369 3377 aut
391 3314 577 3395 Epicureus,
606 3312 694 3378 cuius
708 3313 868 3394 'reliquiae
890 3312 929 3377 de
950 3312 1050 3392 ipsius
1071 3313 1228 3396 dogmatis

130 3421 225 3502 plura
247 3437 305 3486 nos
326 3421 460 3487 doceant
482 3438 577 3500 quam
606 3421 786 3501 aequalium
808 3421 1068 3502 imitatorumque
1087 3421 1228 3488 testimo·
1319 3469 1327 3488 .

132 3529 186 3594 ιιι
207 3533 240 3594 ιι
261 3531 421 3611 excerpta.
453 3527 563 3610 Neque
586 3529 703 3593 mirum
718 3533 767 3594 est
782 3528 951 3609 quodcum
972 3529 1005 3593 in
1020 3527 1229 3610 plurimorum

119 3629 388 3717 'philosophorum
402 3655 442 3702 ne
464 3636 646 3703 certissimis
660 3635 787 3716 quidem
809 3633 997 3718 fragmentis
1007 3637 1228 3718 comparandis

131 3745 411 3826 existimandisque
443 3746 501 3811 viri
534 3745 616 3812 docti
637 3743 784 3810 idoneam
806 3763 935 3827 operam
960 3747 1134 3830 posuerint,
1154 3764 1229 3829 per-

130 3872 201 3920 raro
223 3853 327 3920 adhuc
350 3855 587 3937 quaesiverunt,
607 3852 683 3935 quid
705 3871 744 3918 ex
765 3852 995 3920 inferiorist
941 3858 1015 3921 ιιιι
1015 3854 1057 3922 tis
1015 3854 1167 3921 tlibris
1187 3857 1227 3922 ad

131 3962 339 4030 vetustiorum
361 3961 625 4090 philosophetur}
640 3960 816 4028 doctrinam
828 3962 1076 4069 cognoscendam
1087 3963 1132 4029 ιιι
1155 3982 1226 4030 con-

131 4069 204 4136 ιιιιι
226 4071 389 4153 possitu
369 4069 508 4136 ιιιιιιιιιι
531 4080 656 4140 eorus
659 4071 807 4150 quisque
840 4076 873 4137 ιι
907 4075 1020 4138 reset
1051 4073 1186 4140 sentent
1177 4091 1225 4140 vas

132 4179 300 4260 sumpserit
318 4180 369 4246 vel
391 4177 432 4245 ad
459 4179 549 4248 cuius
573 4169 670 4254 ιιιιι
667 4177 821 4265 emplar
853 4197 927 4248 suos
956 4179 1078 4250 libellos
1100 4198 1224 4263 compo-

133 4285 229 4352 suerit
248 4287 377 4369 indaget
379 4303 427 4355 ur.
