2910 4908
780 315 819 378 28

252 499 440 578 phraateum
461 496 625 560 redoleant
648 495 732 577 apud
756 493 936 561 Ciceronem
956 494 1081 575 quidem
1102 512 1165 558 non
1186 475 1364 576 leguntur,'

251 606 310 671 nisi
336 605 418 670 lorte
440 605 576 686 vestigia
597 603 763 683 quaedam,
786 603 947 670 levissima
969 621 1054 682 sane,
1078 603 1169 668 amici
1191 609 1224 668 et
1239 603 1362 666 adula-

253 715 331 780 toris
358 712 567 778 distinctionis
598 729 786 793 cognoscere
819 711 907 777 velis.
956 710 1026 788 Qua
1056 712 1095 777 de
1131 715 1183 776 re·
1197 711 1274 776 certi
1306 713 1362 776 nil
1433 748 1436 829 γ

251 821 439 901 assequeris.
483 818 579 885 Plura
600 817 736 885 fortasse
763 838 803 884 ex
830 818 1001 887 Plutarcho
1028 819 1221 902 colligemus,
1254 837 1357 901 quem
1435 882 1436 891 ,

253 928 427 994 sententias
460 945 499 993 en
531 926 752 1010 Theophrasto
779 928 983 992 transtulisse
1007 928 1220 1010 cognovimus.
1264 927 1361 990 Idem

252 1055 303 1102 res
324 1055 344 1103 a
365 1035 591 1118 Theophrasto
614 1035 747 1116 recepit;
773 1035 911 1117 plurima
933 1053 1004 1100 cum
1019 1035 1139 1101 incerta
1158 1034 1229 1114 sint,
1252 1052 1358 1098 unum

252 1145 336 1223 quod
358 1149 481 1212 certum
505 1161 573 1208 esse
593 1143 728 1222 videtur,
750 1142 920 1236 exhibeb03
943 1143 983 1207 de
1003 1160 1063 1208 am.
1087 1147 1120 1207 et
1142 1144 1193 1207 ad.
1209 1147 1227 1207 9
1243 1161 1360 1209 assen-

251 1257 392 1318 tatorum
414 1269 518 1316 mores
540 1249 720 1316 describens
742 1250 821 1316 haec
843 1250 918 1314 dicit
940 1250 1145 1315 Plutarchus:
1167 1249 1221 1314 καὶ
1242 1253 1358 1314 νοσεῖν

251 1355 350 1442 ὅμοια
371 1360 642 1442 προσποιοῦνται,
665 1351 895 1434 κολακεύοντες
915 1353 997 1435 τούς
1016 1351 1172 1434 νοσώδεις
1194 1357 1247 1422 καί
1268 1351 1356 1445 μήτε

251 1467 384 1548 βλέπειν
405 1462 462 1548 ὀξύ
485 1462 557 1554 μήτ’
573 1457 710 1544 άκούειν,
728 1459 766 1530 dv
787 1461 991 1552 ὑποτύφλοις
1004 1457 1025 1550 ἢ
1038 1459 1233 1550 ὑποκώφοις
1247 1466 1353 1530 συνώ-

252 1595 304 1638 σιν
320 1565 432 1652 ώσπερ
448 1565 480 1636 οἱ
497 1569 671 1662 Διονυσίου
691 1565 826 1648 κόλακες
839 1563 1120 1652 άμβλυωπούντος
1132 1569 1356 1654 ἐμπίπτοντες

252 1673 401 1764 όλλύλοις
423 1679 477 1743 καί
497 1675 555 1756 τάς
573 1678 765 1763 παροψίδας
786 1678 819 1744 έν
840 1681 889 1764 τῷ
919 1679 1064 1744 δειπνεῖν
1089 1674 1353 1760 καταβάλλοντες.

354 1787 449 1853 Cuius
473 1789 665 1854 narrationis
683 1806 754 1852 cum
774 1786 822 1853 bis
845 1787 1037 1852 mentionem
1059 1787 1156 1853 faciat
1167 1787 1354 1852 Athenaeus

178 1970 181 1975 ,
254 1903 416 1973 auctorem
450 1896 591 1963 nominat
626 1897 881 1978 Theophrastum
908 1896 953 1961 VI
984 1915 1013 1978 p.
1038 1897 1136 1962 249F
1169 1893 1353 1972 Πλείστονς

253 2008 281 2072 δ’
303 1998 370 2088 εἶχε
392 2008 444 2073 καί
467 2002 485 2073 ό
507 2003 578 2086 οἶός
598 1998 697 2073 αύτού
719 2000 891 2084 Διονύσιος
912 2003 993 2084 τούς
1023 2001 1270 2086 κολακεύοντας,
1295 1999 1353 2084 οὓς

253 2114 308 2179 καί
328 2113 573 2200 προσηγόρευον
595 2111 627 2182 οἱ
645 2115 765 2180 πολλοὶ
780 2109 1071 2192 Διονυσοκόλακας.
1096 2099 1187 2180 ούτοι
1210 2114 1246 2180 δὲ
1267 2138 1353 2198 προ-

254 2226 449 2290 σεποιοῦντο
474 2217 555 2311 μήτε
582 2214 641 2304 όξδ
676 2218 756 2307 δρᾶν
783 2218 872 2304 παρά
894 2219 933 2288 τό
955 2223 1099 2301 δεῖπνον,
1135 2221 1209 2287 ἐπεὶ
1231 2216 1249 2286 ό
1274 2227 1353 2288 Διο-
1435 2246 1436 2253 “

255 2324 364 2408 νύσιος
387 2324 445 2396 ούκ
473 2318 513 2416 ἦν
535 2323 696 2416 ὀξυώπης,
726 2325 853 2413 έίβαυόν
879 2355 915 2396 τε
946 2333 1013 2394 τών
1034 2329 1281 2414 παρακειμένων
1305 2325 1351 2406 ώς
1435 2386 1436 2409 ,

256 2429 319 2518 οόχ
340 2436 480 2519 όρώντες
509 2435 572 2514 ἕως
595 2433 612 2503 ό
636 2435 808 2515 Διονύσιος
840 2429 952 2502 αύτών
982 2434 1040 2516 τάς
1066 2441 1177 2521 χεῖρας
1204 2433 1289 2520 πρός
1309 2433 1351 2502 τά

255 2539 386 2627 λεκάρια
406 2545 581 2630 προσῆγεν.
600 2536 832 2623 άποπτύοντος
853 2543 889 2610 δὲ
916 2545 974 2610 τού
998 2544 1171 2611 Διονυσίου
1194 2540 1350 2622 πολλάκις

256 2657 413 2738 παρεῖχον
433 2649 476 2723 τοὶ
495 2647 662 2738 πρόσωπα
684 2650 952 2720 καταπτύεσθαι·
975 2653 1029 2719 καί
1041 2643 1272 2734 άπολείχοντες
1292 2649 1349 2720 τόν

255 2760 367 2827 σίαλον
389 2759 438 2828 ἔτι
460 2761 496 2828 δέ
516 2761 574 2828 τδν
597 2759 714 2846 ἔμετον
728 2755 828 2829 αύτοῦ
846 2761 976 2847 μέλιτος
994 2758 1104 2846 ἔλεγον
1128 2753 1211 2827 εἶναι
1230 2763 1346 2846 γλυκύ-

255 2890 351 2949 τερον
372 2877 405 2936 et
426 2871 457 2935 X
477 2890 509 2953 p.
524 2870 622 2936 435Ε
639 2867 854 2957 Θεόφραστος
876 2869 913 2935 δέ
927 2893 1007 2957 φησι
1030 2869 1084 2934 καὶ
1104 2865 1181 2947 τούς
1203 2865 1349 2954 ἑταίρους

253 2966 352 3039 αύτού
372 2972 449 3053 τούς
470 2971 703 3054 κολακεύοντας
730 2975 788 3064 τὴν
815 2975 987 3060 τυραννίδα
1018 2982 1285 3060 προσποιεῖσθαι
1305 2975 1348 3064 μὴ

253 3081 387 3163 βλέπειν
418 3083 472 3147 καί
493 3077 549 3148 ὑπ’
571 3075 670 3148 αύτού
705 3084 763 3147 τοῦ
787 3082 960 3149 Διονυσίου
993 3089 1266 3170 χειραγωγεῖσθαι
1296 3085 1351 3150 καὶ

254 3185 335 3274 μήτε
355 3185 396 3254 τά
414 3189 663 3274 παρατιθέμενα
683 3191 750 3254 τών
773 3185 959 3272 ἐδεσμάτων
980 3185 1060 3277 μήτε
1083 3187 1145 3268 τάς
1165 3187 1296 3269 κύλικας
1317 3187 1348 3255 ό-

254 3299 332 3381 ροῖν·
366 3293 418 3363 διό
450 3298 610 3384 κληθῆναι
641 3292 932 3376 Διονυσοκόλακας.
973 3300 1046 3365 Nun
1078 3301 1185 3383 igitur'
1206 3319 1351 3366 veremur

254 3422 293 3468 ne
311 3402 482 3486 temerarii
515 3403 679 3468 videamur
706 3422 778 3469 cum
810 3422 847 3469 eo
881 3406 1077 3471 adducamur
1104 3413 1142 3472 ut
1174 3409 1351 3472 notationes

254 3513 376 3592 aliquot
409 3510 662 3592 Theophrasteas
693 3511 957 3594 disputationibus
984 3515 1049 3580 suis
1084 3513 1254 3580 inseruisse
1276 3514 1351 3578 Plu-

254 3619 400 3684 tarchum
429 3622 618 3686 statuamus.
661 3621 739 3701 Legi
760 3621 905 3686 volumus
934 3622 1031 3688 haec:
1061 3623 1100 3688 de
1119 3640 1180 3686 am.
1201 3625 1235 3686 et
1255 3622 1305 3688 ad.
1330 3625 1350 3685 8

254 3728 439 3803 τοιοῦτος
460 3707 633 3811 γάρ”οἷος
654 3723 684 3792 εί
704 3727 821 3810 ψέγοις
840 3723 912 3792 τινὰ
933 3729 999 3793 τών
1019 3728 1125 3816 φίλων
1147 3724 1233 3812 πρός
1253 3719 1351 3793 αύτδν
1426 3794 1427 3797 ,

255 3831 390 3900 εἰπεῖν
413 3827 577 3917 (βραδέως
598 3829 799 3921 πεφώρακας
816 3831 874 3903 τόν
894 3836 1093 3921 ἄνθρωπον·
1116 3836 1190 3917 ἐμοὶ
1209 3833 1268 3918 μέν
1289 3829 1347 3919 γάρ

255 3935 330 4007 ούδέ
357 3935 520 4025 πρότερον
551 3932 710 4028 ἤρεσκεν.’
743 3937 784 4010 δν
823 3946 851 4010 δ’
883 3932 923 4010 αύ
952 3939 1050 4011 πάλιν
1084 3933 1218 4032 ἐπαινῇς
1249 3966 1347 4026 μετα-

254 4042 461 4131 βαλλόμενος,
485 4044 522 4137 νὴ
537 4049 600 4115 Δία
621 4046 720 4139 φήσει
741 4049 939 4139 συνήδεσθαι
951 4053 1006 4117 καὶ
1029 4046 1121 4136 χάριν
1143 4049 1227 4132 ἔχειν
1250 4043 1348 4126 αύτός

254 4151 335 4236 ύπέρ
360 4157 422 4218 τοῦ
445 4147 628 4240 άνθρώπου
656 4157 710 4223 καὶ
731 4154 906 4224 πιστεύειν.
941 4149 982 4224 dv
1003 4158 1039 4224 δέ
1066 4157 1139 4241 βίον
1163 4150 1345 4235 ἀλλακτέον,
1418 4172 1419 4175 ’
